<collection xmlns="http://www.loc.gov/MARC21/slim">

	<record>
		<leader>01236nam a2200361 c 4500</leader>
		<controlfield tag="001">a6322419</controlfield>
		<controlfield tag="003">SpMaBN</controlfield>
		<controlfield tag="005">20190221154133.5</controlfield>
		<controlfield tag="008">180927s2018 sp a | |||| 000 j cat </controlfield>
		<datafield tag="020" ind1=" " ind2=" ">
			<subfield code="a">9788467759976</subfield>
		</datafield>
		<datafield tag="041" ind1="1" ind2=" ">
			<subfield code="a">cat</subfield>
			<subfield code="h">spa</subfield>
		</datafield>
		<datafield tag="130" ind1="3" ind2=" ">
			<subfield code="a">La bella durmiente</subfield>
			<subfield code="l">Catalán</subfield>
			<subfield code="1">http://viaf.org/viaf/177421174</subfield>
		</datafield>
		<datafield tag="245" ind1="1" ind2="3">
			<subfield code="a">La bella dorment ;</subfield>
			<subfield code="b">Peter Pan</subfield>
			<subfield code="c">traducció al català, Mònica A. Falguera</subfield>
		</datafield>
		<datafield tag="264" ind1=" " ind2="1">
			<subfield code="a">Madrid</subfield>
			<subfield code="b">Susaeta</subfield>
			<subfield code="c">[2018]</subfield>
		</datafield>
		<datafield tag="300" ind1=" " ind2=" ">
			<subfield code="a">44 s., unummerert</subfield>
			<subfield code="b">ill. col.</subfield>
			<subfield code="c">22 cm</subfield>
		</datafield>
		<datafield tag="336" ind1=" " ind2=" ">
			<subfield code="a">text</subfield>
			<subfield code="b">txt</subfield>
			<subfield code="2">rdacontent</subfield>
			<subfield code="0">http://rdaregistry.info/termList/RDAContentType/1020</subfield>
		</datafield>
		<datafield tag="337" ind1=" " ind2=" ">
			<subfield code="a">unmediated</subfield>
			<subfield code="b">umd</subfield>
			<subfield code="2">rdamedia</subfield>
			<subfield code="0">http://rdaregistry.info/termList/RDAMediaType/1007</subfield>
		</datafield>
		<datafield tag="338" ind1=" " ind2=" ">
			<subfield code="a">volume</subfield>
			<subfield code="b">vol</subfield>
			<subfield code="2">rdacarrier</subfield>
			<subfield code="0">http://rdaregistry.info/termList/RDACarrierType/1049</subfield>
		</datafield>
		<datafield tag="490" ind1="0" ind2=" ">
			<subfield code="a">2 contes meravellosos</subfield>
		</datafield>
		<datafield tag="500" ind1=" " ind2=" ">
			<subfield code="a">En mayúsculas</subfield>
		</datafield>
		<datafield tag="655" ind1=" " ind2="4">
			<subfield tag="a">Fantasy</subfield>
		</datafield>
		<datafield tag="700" ind1="1" ind2="2">
			<subfield code="i">Basert på</subfield>
			<subfield code="a">Perrault, Charles</subfield>
			<subfield code="d">1628-1703</subfield>
			<subfield code="t">La belle au bois dormant</subfield>
			<subfield code="1">http://viaf.org/viaf/175930488</subfield>
			<subfield code="4">http://rdaregistry.info/Elements/w/P10155</subfield>
		</datafield>
		<datafield tag="700" ind1="1" ind2="2">
			<subfield code="i">Basert på</subfield>
			<subfield code="a">Barrie, J. M.</subfield>
			<subfield code="d">1860-1937</subfield>
			<subfield code="t">Peter Pan</subfield>
			<subfield code="1">http://viaf.org/viaf/313683990</subfield>
			<subfield code="4">http://rdaregistry.info/Elements/w/P10155</subfield>
		</datafield>
		<datafield tag="700" ind1="1" ind2=" ">
			<subfield code="a">Abad, Mònica</subfield>
			<subfield code="1">http://viaf.org/viaf/169767273</subfield>
			<subfield code="4">trl</subfield>
		</datafield>
	</record>