
	<record>
		<leader>02921ngm a2200613 c 4500</leader>
		<controlfield tag="001">a6409571</controlfield>
		<controlfield tag="003">SpMaBN</controlfield>
		<controlfield tag="005">20190201110905.6</controlfield>
		<controlfield tag="007">vd*cvaizq</controlfield>
		<controlfield tag="008">190129s2015 sp 136 g q vlspa </controlfield>
		<datafield tag="028" ind1="4" ind2="0">
			<subfield code="a">00239</subfield>
			<subfield code="b">Sony Pictures</subfield>
		</datafield>
		<datafield tag="028" ind1="4" ind2="0">
			<subfield code="a">EU2-13187-DVD</subfield>
			<subfield code="b">Sony Pictures</subfield>
		</datafield>
		<datafield tag="041" ind1="1" ind2=" ">
			<subfield code="a">spa</subfield>
			<subfield code="a">eng</subfield>
			<subfield code="a">ita</subfield>
			<subfield code="h">eng</subfield>
			<subfield code="j">eng</subfield>
			<subfield code="j">ita</subfield>
			<subfield code="j">por</subfield>
			<subfield code="j">spa</subfield>
		</datafield>
		<datafield tag="130" ind1="0" ind2=" ">
			<subfield code="a">Hook</subfield>
			<subfield code="l">Políglota</subfield>
			<subfield code="1">http://viaf.org/viaf/156149416740689730005</subfield>
		</datafield>
		<datafield tag="245" ind1="1" ind2="0">
			<subfield code="a">Hook</subfield>
			<subfield code="b">(el Capitán Garfio)</subfield>
			<subfield code="c">directed by Steven Spielberg ; produced by Kathleen Kennedy, Frank
				Marshall, Gerald R. Molen ; screenplay by Jim V. Hart and Malia Scotch Marmo, screen
				story by Jim V. Hart &amp; Nick Castle ; music by John Williams</subfield>
		</datafield>
		<datafield tag="250" ind1=" " ind2=" ">
			<subfield code="a">Ed. especial</subfield>
		</datafield>
		<datafield tag="260" ind1=" " ind2=" ">
			<subfield code="a">Madrid</subfield>
			<subfield code="b">distribuido por Sony Pictures</subfield>
			<subfield code="c">D.L. 2015</subfield>
		</datafield>
		<datafield tag="300" ind1=" " ind2=" ">
			<subfield code="a">1 DVD-Vídeo (136 min)</subfield>
			<subfield code="b">son., col.</subfield>
		</datafield>
		<datafield tag="336" ind1=" " ind2=" ">
			<subfield code="a">two-dimensional moving image</subfield>
			<subfield code="b">tdmi</subfield>
			<subfield code="2">rdacontent</subfield>
			<subfield code="0">http://rdaregistry.info/termList/RDAContentType/1023</subfield>
		</datafield>
		<datafield tag="337" ind1=" " ind2=" ">
			<subfield code="a">video</subfield>
			<subfield code="b">v</subfield>
			<subfield code="2">rdamedia</subfield>
			<subfield code="0">http://rdaregistry.info/termList/RDAMediaType/1008</subfield>
		</datafield>
		<datafield tag="338" ind1=" " ind2=" ">
			<subfield code="a">videodisc</subfield>
			<subfield code="b">vd</subfield>
			<subfield code="2">rdacarrier</subfield>
			<subfield code="0">http://rdaregistry.info/termList/RDACarrierType/1060</subfield>
		</datafield>
		<datafield tag="500" ind1=" " ind2=" ">
			<subfield code="a">Basado en los personajes creados por J.M. Barrie</subfield>
		</datafield>
		<datafield tag="511" ind1="1" ind2=" ">
			<subfield code="a">Dustin Hoffman, Robin Williams, Julia Roberts, Bob Hoskins</subfield>
		</datafield>
		<datafield tag="518" ind1=" " ind2=" ">
			<subfield code="a">Largometraje producido en Estados Unidos en 1991</subfield>
		</datafield>
		<datafield tag="520" ind1="3" ind2=" ">
			<subfield code="a">Peter Banning es un alto ejecutivo que a sus 40 años ya ha conseguido
				todo en la vida: es un hombre poderoso en los negocios, está felizmente casado y
				tiene 2 hijos alegres y sanos. Lo tiene todo pero ha perdido el recuerdo de quién
				fue una vez... Sólo cuando sus hijos son raptados por el Capitán Garfio recupera su
				auténtica identidad, él es Peter Pan</subfield>
		</datafield>
		<datafield tag="521" ind1=" " ind2=" ">
			<subfield code="a">Autorizada para todos los públicos</subfield>
		</datafield>
		<datafield tag="538" ind1=" " ind2=" ">
			<subfield code="a">Sistema de grabación del color PAL</subfield>
		</datafield>
		<datafield tag="538" ind1=" " ind2=" ">
			<subfield code="a">Formato de película 2.35</subfield>
		</datafield>
		<datafield tag="538" ind1=" " ind2=" ">
			<subfield code="a">Formato de pantalla 16:9 panorámico</subfield>
		</datafield>
		<datafield tag="538" ind1=" " ind2=" ">
			<subfield code="a">Formato de sonido Dolby Digital 5.1</subfield>
		</datafield>
		<datafield tag="546" ind1=" " ind2=" ">
			<subfield code="a">Versiones en español, inglés e italiano, con subtítulos opcionales en
				inglés, español, italiano y portugués</subfield>
		</datafield>
		<datafield tag="655" ind1=" " ind2="4">
			<subfield code="a">Fantasy</subfield>
		</datafield>
		<datafield tag="655" ind1=" " ind2="4">
			<subfield code="a">Komedie</subfield>
		</datafield>
		<datafield tag="700" ind1="1" ind2=" ">
			<subfield code="a">Spielberg, Steven</subfield>
			<subfield code="d">1946-</subfield>
			<subfield code="e">Regissør</subfield>
			<subfield code="4">fmd</subfield>
			<subfield code="1">http://viaf.org/viaf/111553324</subfield>
		</datafield>
		<datafield tag="700" ind1="1" ind2=" ">
			<subfield code="a">Kennedy, Kathleen</subfield>
			<subfield code="d">1953-</subfield>
			<subfield code="e">Produsent</subfield>
			<subfield code="4">pro</subfield>
			<subfield code="1">http://viaf.org/viaf/305233626</subfield>
		</datafield>
		<datafield tag="700" ind1="1" ind2=" ">
			<subfield code="a">Marshall, Frank</subfield>
			<subfield code="d">1946-</subfield>
			<subfield code="e">Produsent</subfield>
			<subfield code="4">pro</subfield>
			<subfield code="1">http://viaf.org/viaf/79417930</subfield>
		</datafield>
		<datafield tag="700" ind1="1" ind2=" ">
			<subfield code="a">Molen, Gerald R.</subfield>
			<subfield code="e">Produsent</subfield>
			<subfield code="4">pro</subfield>
			<subfield code="1">http://viaf.org/viaf/56213205</subfield>
		</datafield>
		<datafield tag="700" ind1="1" ind2=" ">
			<subfield code="a">Hart, Jim V.</subfield>
			<subfield code="e">Manusforfatter</subfield>
			<subfield code="4">aus</subfield>
			<subfield code="1">http://viaf.org/viaf/102382023</subfield>
		</datafield>
		<datafield tag="700" ind1="1" ind2=" ">
			<subfield code="a">Marmo, Malia Scotch</subfield>
			<subfield code="e">Manusforfatter</subfield>
			<subfield code="4">aus</subfield>
			<subfield code="1">http://viaf.org/viaf/61604009</subfield>
		</datafield>
		<datafield tag="700" ind1="1" ind2=" ">
			<subfield code="a">Castle, Nick</subfield>
			<subfield code="d">1947-</subfield>
			<subfield code="e">Manusforfatter</subfield>
			<subfield code="4">aus</subfield>
			<subfield code="1">http://viaf.org/viaf/17345628</subfield>
		</datafield>
		<datafield tag="700" ind1="1" ind2=" ">
			<subfield code="a">Williams, John</subfield>
			<subfield code="d">1932-</subfield>
			<subfield code="e">Komponist</subfield>
			<subfield code="4">cmp</subfield>
			<subfield code="1">http://viaf.org/viaf/102340285</subfield>
		</datafield>
		<datafield tag="700" ind1="1" ind2=" ">
			<subfield code="a">Barrie, J. M.</subfield>
			<subfield code="d">1860-1937</subfield>
			<subfield code="t">Peter Pan</subfield>
			<subfield code="e">Original-idé av</subfield>
			<subfield code="4">ccp</subfield>
			<subfield code="1">http://viaf.org/viaf/313683990</subfield>
		</datafield>
		<datafield tag="700" ind1="1" ind2=" ">
			<subfield code="a">Hoffman, Dustin</subfield>
			<subfield code="d">1937-</subfield>
			<subfield code="e">Skuespiller</subfield>
			<subfield code="4">act</subfield>
			<subfield code="1">http://viaf.org/viaf/115078603</subfield>
		</datafield>
		<datafield tag="700" ind1="1" ind2=" ">
			<subfield code="a">Williams, Robin</subfield>
			<subfield code="e">Skuespiller</subfield>
			<subfield code="4">act</subfield>
			<subfield code="1">http://viaf.org/viaf/93723961</subfield>
		</datafield>
		<datafield tag="700" ind1="1" ind2=" ">
			<subfield code="a">Roberts, Julia</subfield>
			<subfield code="d">1967-</subfield>
			<subfield code="e">Skuespiller</subfield>
			<subfield code="4">act</subfield>
			<subfield code="1">http://viaf.org/viaf/100914297</subfield>
		</datafield>
		<datafield tag="700" ind1="1" ind2=" ">
			<subfield code="a">Hoskins, Bob</subfield>
			<subfield code="d">1942-2014</subfield>
			<subfield code="e">Skuespiller</subfield>
			<subfield code="4">act</subfield>
			<subfield code="1">http://viaf.org/viaf/90664498</subfield>
		</datafield>
	</record>