
	<record>
		<leader>05128ngm a2200733 c 4500</leader>
		<controlfield tag="001">a6392558</controlfield>
		<controlfield tag="003">SpMaBN</controlfield>
		<controlfield tag="005">20190118104537.6</controlfield>
		<controlfield tag="007">vd*csaizk</controlfield>
		<controlfield tag="008">190103s2018 sp 284 g q vlmul </controlfield>
		<datafield tag="028" ind1="4" ind2="0">
			<subfield code="a">11823S</subfield>
			<subfield code="b">Sony Pictures</subfield>
		</datafield>
		<datafield tag="028" ind1="4" ind2="0">
			<subfield code="a">EU2-13187-UHD VFD88932</subfield>
			<subfield code="b">Sony Pictures</subfield>
			<subfield code="q">(disco 1)</subfield>
		</datafield>
		<datafield tag="028" ind1="4" ind2="0">
			<subfield code="a">SP-13187-BD</subfield>
			<subfield code="b">Sony Pictures</subfield>
			<subfield code="q">(disco 2)</subfield>
		</datafield>
		<datafield tag="041" ind1="1" ind2=" ">
			<subfield code="a">cze</subfield>
			<subfield code="a">eng</subfield>
			<subfield code="a">fre</subfield>
			<subfield code="a">ger</subfield>
			<subfield code="a">hun</subfield>
			<subfield code="a">ita</subfield>
			<subfield code="a">jpn</subfield>
			<subfield code="a">por</subfield>
			<subfield code="a">spa</subfield>
			<subfield code="a">tai</subfield>
			<subfield code="h">eng</subfield>
			<subfield code="j">mul</subfield>
		</datafield>
		<datafield tag="041" ind1="1" ind2=" ">
			<subfield code="a">eng</subfield>
			<subfield code="a">fre</subfield>
			<subfield code="a">ger</subfield>
			<subfield code="a">ita</subfield>
			<subfield code="a">jpn</subfield>
			<subfield code="a">spa</subfield>
			<subfield code="a">tai</subfield>
			<subfield code="a">tur</subfield>
			<subfield code="h">eng</subfield>
			<subfield code="j">mul</subfield>
		</datafield>
		<datafield tag="130" ind1="0" ind2=" ">
			<subfield code="a">Hook</subfield>
			<subfield code="l">Políglota</subfield>
			<subfield code="1">http://viaf.org/viaf/156149416740689730005</subfield>
		</datafield>
		<datafield tag="245" ind1="1" ind2="0">
			<subfield code="a">Hook</subfield>
			<subfield code="b">el Capitán Garfio</subfield>
			<subfield code="c">directed by Steven Spielberg ; produced by Kathleen Kennedy, Frank
				Marshall, Gerald R. Molen ; screenplay by Jim V. Hart and Malia Scotch Marmo, screen
				story by Jim V. Hart &amp; Nick Castle ; music by John Williams</subfield>
		</datafield>
		<datafield tag="260" ind1=" " ind2=" ">
			<subfield code="a">Madrid</subfield>
			<subfield code="b">distribuido por Sony Pictures</subfield>
			<subfield code="c">D.L. 2018</subfield>
		</datafield>
		<datafield tag="300" ind1=" " ind2=" ">
			<subfield code="a">2 Blu-ray (142, 142 min)</subfield>
			<subfield code="b">son., col.</subfield>
		</datafield>
		<datafield tag="336" ind1=" " ind2=" ">
			<subfield code="a">two-dimensional moving image</subfield>
			<subfield code="b">tdmi</subfield>
			<subfield code="2">rdacontent</subfield>
			<subfield code="0">http://rdaregistry.info/termList/RDAContentType/1023</subfield>
		</datafield>
		<datafield tag="337" ind1=" " ind2=" ">
			<subfield code="a">video</subfield>
			<subfield code="b">v</subfield>
			<subfield code="2">rdamedia</subfield>
			<subfield code="0">http://rdaregistry.info/termList/RDAMediaType/1008</subfield>
		</datafield>
		<datafield tag="338" ind1=" " ind2=" ">
			<subfield code="a">videodisc</subfield>
			<subfield code="b">vd</subfield>
			<subfield code="2">rdacarrier</subfield>
			<subfield code="0">http://rdaregistry.info/termList/RDACarrierType/1060</subfield>
		</datafield>
		<datafield tag="500" ind1=" " ind2=" ">
			<subfield code="a">Basado en los personajes creados por J.M. Barrie</subfield>
		</datafield>
		<datafield tag="500" ind1=" " ind2=" ">
			<subfield code="a">Incluye extras</subfield>
		</datafield>
		<datafield tag="505" ind1="0" ind2=" ">
			<subfield code="a">Disco 1. Película en 4K Ultra HD + Extras: 11 escenas eliminadas
				nunca vistas, Tráiler cinematográfico - Disco 2. Película en Blu-ray</subfield>
		</datafield>
		<datafield tag="511" ind1="1" ind2=" ">
			<subfield code="a">Dustin Hoffman, Robin Williams, Julia Roberts, Bob Hoskins</subfield>
		</datafield>
		<datafield tag="518" ind1=" " ind2=" ">
			<subfield code="a">Largometraje producido en Estados Unidos en 1991</subfield>
		</datafield>
		<datafield tag="520" ind1="3" ind2=" ">
			<subfield code="a">Peter Banning es un alto ejecutivo que a sus 40 años ya ha conseguido
				todo en la vida: es un hombre poderoso en los negocios, está felizmente casado y
				tiene 2 hijos alegres y sanos. Lo tiene todo pero ha perdido el recuerdo de quién
				fue una vez... Sólo cuando sus hijos son raptados por el Capitán Garfio recupera su
				auténtica identidad, él es Peter Pan</subfield>
		</datafield>
		<datafield tag="521" ind1=" " ind2=" ">
			<subfield code="a">Apta para todos los públicos</subfield>
		</datafield>
		<datafield tag="530" ind1=" " ind2=" ">
			<subfield code="a">Disponible también en DVD-Vídeo</subfield>
		</datafield>
		<datafield tag="538" ind1=" " ind2=" ">
			<subfield code="a">Requisitos del 4K Ultra HD: televisor 4K Ultra HD con High Dynamic
				Range (HDR), reproductor Blu-ray Ultra HD, cable HDMI 2.0A de alta
				velocidad</subfield>
		</datafield>
		<datafield tag="538" ind1=" " ind2=" ">
			<subfield code="a">Resolución de imagen en Ultra Alta Definición en pantalla ancha;
				extras en definición estándar y alta definición (disco 1)</subfield>
		</datafield>
		<datafield tag="538" ind1=" " ind2=" ">
			<subfield code="a">Resolución de imagen en alta definición en pantalla ancha (disco
				2)</subfield>
		</datafield>
		<datafield tag="538" ind1=" " ind2=" ">
			<subfield code="a">Formato de película 2.39:1 (disco 1) y 2.40:1 (disco 2)</subfield>
		</datafield>
		<datafield tag="538" ind1=" " ind2=" ">
			<subfield code="a">Formato de sonido DTS-HD MA 5.1 (castellano, inglés, alemán, francés
				e italiano), Dolby Atmos compatible con Dolby TrueHD 7.1 (inglés), Dolby Surround
				(español latinoamericano, húngaro, japonés y portugués), stereo (checo) y mono
				(tailandés) (disco 1)</subfield>
		</datafield>
		<datafield tag="538" ind1=" " ind2=" ">
			<subfield code="a">Formato de sonido DTS-HD MA 5.1 (inglés), Dolby Surround (japonés),
				mono (tailandés) y Dolby Digital 5.1 (resto de idiomas) (disco 2)</subfield>
		</datafield>
		<datafield tag="546" ind1=" " ind2=" ">
			<subfield code="a">Versiones en castellano, inglés, alemán, francés, italiano, español
				latinoamericano, húngaro, japonés, portugués, checo y tailandés, con subtítulos
				opcionales en castellano, portugués, inglés, inglés para sordos, alemán, árabe,
				checo, coreano, danés, eslovaco, esloveno, finés, francés, griego, hindi, holandés,
				húngaro, italiano, japonés, mandarín tradicional, noruego, polaco, rumano, ruso,
				sueco, tailandés y turco; extras en inglés con subtítulos opcionales en castellano,
				portugués, inglés para sordos, alemán, francés, holandés, italiano y japonés (disco
				1)</subfield>
		</datafield>
		<datafield tag="546" ind1=" " ind2=" ">
			<subfield code="a">Versiones en castellano, alemán, francés, italiano, turco, inglés,
				japonés y tailandés, con subtítulos opcionales en castellano, inglés, inglés para
				sordos, alemán, árabe, coreano, danés, finés, francés, griego, hebreo, hindi,
				holandés, italiano, japonés, mandarín tradicional, noruego, sueco, tailandés y turco
				(disco 2)</subfield>
		</datafield>
		<datafield tag="655" ind1=" " ind2="4">
			<subfield code="a">Fantasy</subfield>
		</datafield>
		<datafield tag="655" ind1=" " ind2="4">
			<subfield code="a">Komedie</subfield>
		</datafield>
		<datafield tag="600" ind1=" " ind2="4">
			<subfield tag="a">Peter Pan</subfield>
			<subfield tag="c">(Fiktiv karakter)</subfield>
		</datafield>
		<datafield tag="700" ind1="1" ind2=" ">
			<subfield code="a">Spielberg, Steven</subfield>
			<subfield code="d">1946-</subfield>
			<subfield code="e">Regissør</subfield>
			<subfield code="4">fmd</subfield>
			<subfield code="1">http://viaf.org/viaf/111553324</subfield>
		</datafield>
		<datafield tag="700" ind1="1" ind2=" ">
			<subfield code="a">Kennedy, Kathleen</subfield>
			<subfield code="d">1953-</subfield>
			<subfield code="e">Produsent</subfield>
			<subfield code="4">pro</subfield>
			<subfield code="1">http://viaf.org/viaf/305233626</subfield>
		</datafield>
		<datafield tag="700" ind1="1" ind2=" ">
			<subfield code="a">Marshall, Frank</subfield>
			<subfield code="d">1946-</subfield>
			<subfield code="e">Produsent</subfield>
			<subfield code="4">pro</subfield>
			<subfield code="1">http://viaf.org/viaf/79417930</subfield>
		</datafield>
		<datafield tag="700" ind1="1" ind2=" ">
			<subfield code="a">Molen, Gerald R.</subfield>
			<subfield code="e">Produsent</subfield>
			<subfield code="4">pro</subfield>
			<subfield code="1">http://viaf.org/viaf/56213205</subfield>
		</datafield>
		<datafield tag="700" ind1="1" ind2=" ">
			<subfield code="a">Hart, Jim V.</subfield>
			<subfield code="e">Manusforfatter</subfield>
			<subfield code="4">aus</subfield>
			<subfield code="1">http://viaf.org/viaf/102382023</subfield>
		</datafield>
		<datafield tag="700" ind1="1" ind2=" ">
			<subfield code="a">Marmo, Malia Scotch</subfield>
			<subfield code="e">Manusforfatter</subfield>
			<subfield code="4">aus</subfield>
			<subfield code="1">http://viaf.org/viaf/61604009</subfield>
		</datafield>
		<datafield tag="700" ind1="1" ind2=" ">
			<subfield code="a">Castle, Nick</subfield>
			<subfield code="d">1947-</subfield>
			<subfield code="e">Manusforfatter</subfield>
			<subfield code="4">aus</subfield>
			<subfield code="1">http://viaf.org/viaf/17345628</subfield>
		</datafield>
		<datafield tag="700" ind1="1" ind2=" ">
			<subfield code="a">Williams, John</subfield>
			<subfield code="d">1932-</subfield>
			<subfield code="e">Komponist</subfield>
			<subfield code="4">cmp</subfield>
			<subfield code="1">http://viaf.org/viaf/102340285</subfield>
		</datafield>
		<datafield tag="700" ind1="1" ind2=" ">
			<subfield code="a">Barrie, J. M.</subfield>
			<subfield code="d">1860-1937</subfield>
			<subfield code="t">Peter Pan</subfield>
			<subfield code="1">http://viaf.org/viaf/313683990</subfield>
			<subfield code="4">http://rdaregistry.info/Elements/w/P10155</subfield>
		</datafield>
		<datafield tag="700" ind1="1" ind2=" ">
			<subfield code="a">Hoffman, Dustin</subfield>
			<subfield code="d">1937-</subfield>
			<subfield code="e">Skuespiller</subfield>
			<subfield code="4">act</subfield>
			<subfield code="1">http://viaf.org/viaf/115078603</subfield>
		</datafield>
		<datafield tag="700" ind1="1" ind2=" ">
			<subfield code="a">Williams, Robin</subfield>
			<subfield code="e">Skuespiller</subfield>
			<subfield code="4">act</subfield>
			<subfield code="1">http://viaf.org/viaf/93723961</subfield>
		</datafield>
		<datafield tag="700" ind1="1" ind2=" ">
			<subfield code="a">Roberts, Julia</subfield>
			<subfield code="d">1967-</subfield>
			<subfield code="e">Skuespiller</subfield>
			<subfield code="4">act</subfield>
			<subfield code="1">http://viaf.org/viaf/100914297</subfield>
		</datafield>
		<datafield tag="700" ind1="1" ind2=" ">
			<subfield code="a">Hoskins, Bob</subfield>
			<subfield code="d">1942-2014</subfield>
			<subfield code="e">Skuespiller</subfield>
			<subfield code="4">act</subfield>
			<subfield code="1">http://viaf.org/viaf/90664498</subfield>
		</datafield>
		<datafield tag="775" ind1="0" ind2=" ">
			<subfield code="t">Hook</subfield>
			<subfield code="h">1 DVD-Vídeo</subfield>
			<subfield code="w">a6354712</subfield>
			<subfield code="1">http://viaf.org/viaf/156149416740689730005</subfield>
		</datafield>
	</record>