
	<record>
		<leader>01166nam a2200337 c 4500</leader>
		<controlfield tag="001">a6287638</controlfield>
		<controlfield tag="003">SpMaBN</controlfield>
		<controlfield tag="005">20181016185617.3</controlfield>
		<controlfield tag="008">180726s2018 sp a | |||| 000 f spa </controlfield>
		<datafield tag="020" ind1=" " ind2=" ">
			<subfield code="a">9788420486277</subfield>
		</datafield>
		<datafield tag="041" ind1="1" ind2=" ">
			<subfield code="a">spa</subfield>
			<subfield code="h">eng</subfield>
		</datafield>
		<datafield tag="100" ind1="1" ind2=" ">
			<subfield code="a">Barrie, J. M.</subfield>
			<subfield code="d">1860-1937</subfield>
			<subfield code="q">(James Matthew)</subfield>
			<subfield code="1">http://viaf.org/viaf/64001320</subfield>
			<subfield code="4">aut</subfield>
			<subfield code="e">Forfatter</subfield>
		</datafield>
		<datafield tag="240" ind1="1" ind2="0">
			<subfield code="a">Peter Pan &amp; Wendy</subfield>
			<subfield code="l">Español</subfield>
			<subfield code="1">http://viaf.org/viaf/184233271</subfield>
		</datafield>
		<datafield tag="245" ind1="1" ind2="0">
			<subfield code="a">Peter Pan</subfield>
			<subfield code="c">J. M. Barrie ; ilustraciones de Fernando Vicente ; traducción de
				Gabriela Bustelo</subfield>
		</datafield>
		<datafield tag="260" ind1=" " ind2=" ">
			<subfield code="a">Barcelona</subfield>
			<subfield code="b">[Alfaguara]</subfield>
			<subfield code="c">D.L. 2018</subfield>
		</datafield>
		<datafield tag="300" ind1=" " ind2=" ">
			<subfield code="a">223 s.</subfield>
			<subfield code="b">ill.</subfield>
			<subfield code="c">22 cm</subfield>
		</datafield>
		<datafield tag="336" ind1=" " ind2=" ">
			<subfield code="a">text</subfield>
			<subfield code="b">txt</subfield>
			<subfield code="2">rdacontent</subfield>
			<subfield code="0">http://rdaregistry.info/termList/RDAContentType/1020</subfield>
		</datafield>
		<datafield tag="337" ind1=" " ind2=" ">
			<subfield code="a">unmediated</subfield>
			<subfield code="b">umd</subfield>
			<subfield code="2">rdamedia</subfield>
			<subfield code="0">http://rdaregistry.info/termList/RDAMediaType/1007</subfield>
		</datafield>
		<datafield tag="338" ind1=" " ind2=" ">
			<subfield code="a">volume</subfield>
			<subfield code="b">vol</subfield>
			<subfield code="2">rdacarrier</subfield>
			<subfield code="0">http://rdaregistry.info/termList/RDACarrierType/1049</subfield>
		</datafield>
		<datafield tag="490" ind1="0" ind2=" ">
			<subfield code="a">Clásicos inolvidables</subfield>
			<subfield code="v">3</subfield>
		</datafield>
		<datafield tag="594" ind1=" " ind2=" ">
			<subfield code="a">Originaltittel: Peter Pan &amp; Wendy</subfield>
		</datafield>
		<datafield tag="596" ind1=" " ind2=" ">
			<subfield code="a">Editor tomado de la Agencia del ISBN</subfield>
		</datafield>
		<datafield tag="600" ind1=" " ind2="4">
			<subfield tag="a">Peter Pan</subfield>
			<subfield tag="c">(Fiktiv karakter)</subfield>
		</datafield>
		<datafield tag="655" ind1=" " ind2="4">
			<subfield tag="a">Fantasy</subfield>
		</datafield>
		<datafield tag="700" ind1="1" ind2=" ">
			<subfield code="a">Vicente, Fernando</subfield>
			<subfield code="d">1963-</subfield>
			<subfield code="e">Illustratør</subfield>
			<subfield code="4">ill</subfield>
			<subfield code="1">http://viaf.org/viaf/232097754</subfield>
		</datafield>
		<datafield tag="700" ind1="1" ind2=" ">
			<subfield code="a">Bustelo, Gabriela</subfield>
			<subfield code="d">1962-</subfield>
			<subfield code="e">Oversetter</subfield>
			<subfield code="4">trl</subfield>
			<subfield code="1">http://viaf.org/viaf/16504617</subfield>
		</datafield>
	</record>