
	<record>
		<leader>01211nam a2200349 c 4500</leader>
		<controlfield tag="001">a6144734</controlfield>
		<controlfield tag="003">SpMaBN</controlfield>
		<controlfield tag="005">20180504095535.6</controlfield>
		<controlfield tag="008">180402s2018 sp a | |||| 000 f spa </controlfield>
		<datafield tag="020" ind1=" " ind2=" ">
			<subfield code="a">9788494826917</subfield>
		</datafield>
		<datafield tag="041" ind1="1" ind2=" ">
			<subfield code="a">spa</subfield>
			<subfield code="h">eng</subfield>
		</datafield>
		<datafield tag="100" ind1="1" ind2=" ">
			<subfield code="a">Barrie, J. M.</subfield>
			<subfield code="d">1860-1937</subfield>
			<subfield code="q">(James Matthew)</subfield>
			<subfield code="1">http://viaf.org/viaf/64001320</subfield>
			<subfield code="4">aut</subfield>
			<subfield code="e">Forfatter</subfield>
		</datafield>
		<datafield tag="240" ind1="1" ind2="0">
			<subfield code="a">Peter Pan in Kensington Gardens</subfield>
			<subfield code="l">Español</subfield>
			<subfield code="1">http://viaf.org/viaf/179842061</subfield>
		</datafield>
		<datafield tag="245" ind1="1" ind2="0">
			<subfield code="a">Peter Pan en los jardines de Kensington</subfield>
			<subfield code="c">James Matthew Barrie ; con las ilustraciones originales de Arthur
				Rackham</subfield>
		</datafield>
		<datafield tag="250" ind1=" " ind2=" ">
			<subfield code="a">1ª ed. Colección Cuentamente</subfield>
		</datafield>
		<datafield tag="260" ind1=" " ind2=" ">
			<subfield code="a">[Castro Urdiales, Santander]</subfield>
			<subfield code="b">Apuka</subfield>
			<subfield code="c">imp. 2018</subfield>
		</datafield>
		<datafield tag="300" ind1=" " ind2=" ">
			<subfield code="a">338 s.</subfield>
			<subfield code="b">ill.</subfield>
			<subfield code="c">7 cm</subfield>
		</datafield>
		<datafield tag="336" ind1=" " ind2=" ">
			<subfield code="a">text</subfield>
			<subfield code="b">txt</subfield>
			<subfield code="2">rdacontent</subfield>
			<subfield code="0">http://rdaregistry.info/termList/RDAContentType/1020</subfield>
		</datafield>
		<datafield tag="337" ind1=" " ind2=" ">
			<subfield code="a">unmediated</subfield>
			<subfield code="b">umd</subfield>
			<subfield code="2">rdamedia</subfield>
			<subfield code="0">http://rdaregistry.info/termList/RDAMediaType/1007</subfield>
		</datafield>
		<datafield tag="338" ind1=" " ind2=" ">
			<subfield code="a">volume</subfield>
			<subfield code="b">vol</subfield>
			<subfield code="2">rdacarrier</subfield>
			<subfield code="0">http://rdaregistry.info/termList/RDACarrierType/1049</subfield>
		</datafield>
		<datafield tag="490" ind1="0" ind2=" ">
			<subfield code="a">Cuentamente/Bukkis</subfield>
			<subfield code="v">n. 8</subfield>
		</datafield>
		<datafield tag="500" ind1=" " ind2=" ">
			<subfield code="a">"Minilibros artesanales"- Anteportada</subfield>
		</datafield>
		<datafield tag="594" ind1=" " ind2=" ">
			<subfield code="a">Originaltittel: Peter Pan in Kensington Gardens</subfield>
		</datafield>
		<datafield tag="600" ind1=" " ind2="4">
			<subfield tag="a">Peter Pan</subfield>
			<subfield tag="c">(Fiktiv karakter)</subfield>
		</datafield>
		<datafield tag="655" ind1=" " ind2="4">
			<subfield tag="a">Fantasy</subfield>
		</datafield>
		<datafield tag="700" ind1="1" ind2=" ">
			<subfield code="a">Rackham, Arthur</subfield>
			<subfield code="d">1867-1939</subfield>
			<subfield code="e">Illustratør</subfield>
			<subfield code="4">ill</subfield>
			<subfield code="1">http://viaf.org/viaf/59098690</subfield>
		</datafield>
	</record>