
	<record>
		<leader>01424nam a22003737c 4500</leader>
		<controlfield tag="001">a6336888</controlfield>
		<controlfield tag="003">SpMaBN</controlfield>
		<controlfield tag="005">20181025163918.5</controlfield>
		<controlfield tag="008">181018s2018 sp a | |||| 000 1 spa </controlfield>
		<datafield tag="020" ind1=" " ind2=" ">
			<subfield code="a">9788466344845</subfield>
		</datafield>
		<datafield tag="041" ind1="1" ind2=" ">
			<subfield code="a">spa</subfield>
			<subfield code="h">eng</subfield>
		</datafield>
		<datafield tag="100" ind1="1" ind2=" ">
			<subfield code="a">Avery, Ben</subfield>
			<subfield code="4">aut</subfield>
			<subfield code="1">http://viaf.org/viaf/69220237</subfield>
			<subfield code="4">aut</subfield>
			<subfield code="e">Forfatter</subfield>
		</datafield>
		<datafield tag="240" ind1="1" ind2="0">
			<subfield code="a">The Mystery Knight</subfield>
		</datafield>
		<datafield tag="245" ind1="1" ind2="3">
			<subfield code="a">El caballero misterioso</subfield>
			<subfield code="c">George R.R. Martin ; adaptación, Ben Avery ; ilustraciones, Mike S.
				Miller ; color, J. Nanjan y Svakami Mohan ; [traducción, Raúl Sastre
				Letona]</subfield>
		</datafield>
		<datafield tag="250" ind1=" " ind2=" ">
			<subfield code="a">1ª ed.</subfield>
		</datafield>
		<datafield tag="260" ind1=" " ind2=" ">
			<subfield code="a">[Barcelona]</subfield>
			<subfield code="b">[Punto de Lectura]</subfield>
			<subfield code="c">2018</subfield>
		</datafield>
		<datafield tag="300" ind1=" " ind2=" ">
			<subfield code="a">[154] s.</subfield>
			<subfield code="b">ill. col.</subfield>
			<subfield code="c">21 cm</subfield>
		</datafield>
		<datafield tag="336" ind1=" " ind2=" ">
			<subfield code="a">still image</subfield>
			<subfield code="b">si</subfield>
			<subfield code="2">rdacontent</subfield>
			<subfield code="0">http://rdaregistry.info/termList/RDAContentType/1014</subfield>
		</datafield>
		<datafield tag="337" ind1=" " ind2=" ">
			<subfield code="a">unmediated</subfield>
			<subfield code="b">umd</subfield>
			<subfield code="2">rdamedia</subfield>
			<subfield code="0">http://rdaregistry.info/termList/RDAMediaType/1007</subfield>
		</datafield>
		<datafield tag="338" ind1=" " ind2=" ">
			<subfield code="a">volume</subfield>
			<subfield code="b">vol</subfield>
			<subfield code="2">rdacarrier</subfield>
			<subfield code="0">http://rdaregistry.info/termList/RDACarrierType/1049</subfield>
		</datafield>
		<datafield tag="500" ind1=" " ind2=" ">
			<subfield code="a">Adaptación de: The mystery knight / George R.R. Martin</subfield>
		</datafield>
		<datafield tag="594" ind1=" " ind2=" ">
			<subfield code="a">Originaltittel: The mystery knight</subfield>
		</datafield>
		<datafield tag="596" ind1=" " ind2=" ">
			<subfield code="a">Editor tomado de la agencia del ISBN</subfield>
		</datafield>
		<datafield tag="655" ind1=" " ind2="4">
			<subfield code="a">Tegneserier</subfield>
		</datafield>
		<datafield tag="655" ind1=" " ind2="4">
			<subfield code="a">Fantasy</subfield>
		</datafield>
		<datafield tag="700" ind1="1" ind2=" ">
			<subfield code="a">Miller, Mike S.</subfield>
			<subfield code="d">1971-</subfield>
			<subfield code="e">Illustratør</subfield>
			<subfield code="4">art</subfield>
			<subfield code="1">http://viaf.org/viaf/37207105</subfield>
		</datafield>
		<datafield tag="700" ind1="1" ind2="2">
			<subfield code="a">Martin, George R. R.</subfield>
			<subfield code="d">1948-</subfield>
			<subfield code="i">Baser på</subfield>
			<subfield code="t">The mystery knight</subfield>
			<subfield code="4">http://rdaregistry.info/Elements/w/P10155</subfield>
		</datafield>
	</record>