
	<record>
		<leader>01308nam a2200373 c 4500</leader>
		<controlfield tag="001">a6235873</controlfield>
		<controlfield tag="003">SpMaBN</controlfield>
		<controlfield tag="005">20180906160943.5</controlfield>
		<controlfield tag="008">180625s2017 sp | |||| 000 j cat </controlfield>
		<datafield tag="020" ind1=" " ind2=" ">
			<subfield code="a">9788469775448</subfield>
		</datafield>
		<datafield tag="041" ind1="1" ind2=" ">
			<subfield code="a">cat</subfield>
			<subfield code="h">eng</subfield>
		</datafield>
		<datafield tag="130" ind1="0" ind2=" ">
			<subfield code="a">Rogues</subfield>
			<subfield code="l">Valenciano</subfield>
		</datafield>
		<datafield tag="245" ind1="1" ind2="0">
			<subfield code="a">Canalles</subfield>
			<subfield code="c">George R.R. Martin &amp; Gardner Dozois ; [històries originals de
				Gillian Flynn ... et al. ; traducció, Valentí Martí i Sansaloni]</subfield>
		</datafield>
		<datafield tag="250" ind1=" " ind2=" ">
			<subfield code="a">1ª ed. en valencià</subfield>
		</datafield>
		<datafield tag="260" ind1=" " ind2=" ">
			<subfield code="a">València</subfield>
			<subfield code="b">J.A. López Camarillas</subfield>
			<subfield code="c">2017</subfield>
		</datafield>
		<datafield tag="300" ind1=" " ind2=" ">
			<subfield code="a">1111 s.</subfield>
			<subfield code="c">23 cm</subfield>
		</datafield>
		<datafield tag="336" ind1=" " ind2=" ">
			<subfield code="a">text</subfield>
			<subfield code="b">txt</subfield>
			<subfield code="2">rdacontent</subfield>
			<subfield code="0">http://rdaregistry.info/termList/RDAContentType/1020</subfield>
		</datafield>
		<datafield tag="337" ind1=" " ind2=" ">
			<subfield code="a">unmediated</subfield>
			<subfield code="b">umd</subfield>
			<subfield code="2">rdamedia</subfield>
			<subfield code="0">http://rdaregistry.info/termList/RDAMediaType/1007</subfield>
		</datafield>
		<datafield tag="338" ind1=" " ind2=" ">
			<subfield code="a">volume</subfield>
			<subfield code="b">vol</subfield>
			<subfield code="2">rdacarrier</subfield>
			<subfield code="0">http://rdaregistry.info/termList/RDACarrierType/1049</subfield>
		</datafield>
		<datafield tag="546" ind1=" " ind2=" ">
			<subfield code="a">En valenciano</subfield>
		</datafield>
		<datafield tag="594" ind1=" " ind2=" ">
			<subfield code="a">Originaltittel: Rogues</subfield>
		</datafield>
		<datafield tag="655" ind1=" " ind2="4">
			<subfield code="a">Roman</subfield>
		</datafield>
		<datafield tag="700" ind1="1" ind2=" ">
			<subfield code="a">Martin, George R. R.</subfield>
			<subfield code="d">1948-</subfield>
			<subfield code="e">Redaktør</subfield>
			<subfield code="e">Forfatter</subfield>
			<subfield code="1">http://viaf.org/viaf/98636170</subfield>
			<subfield code="4">edt </subfield>
			<subfield code="4">aut</subfield>
		</datafield>
		<datafield tag="700" ind1="1" ind2=" ">
			<subfield code="a">Dozois, Gardner</subfield>
			<subfield code="e">Redaktør</subfield>
			<subfield code="4">edt</subfield>
			<subfield code="1">http://viaf.org/viaf/54311783</subfield>
		</datafield>
		<datafield tag="700" ind1="1" ind2=" ">
			<subfield code="a">Flynn, Gillian</subfield>
			<subfield code="d">1971-</subfield>
			<subfield code="4">aut</subfield>
			<subfield code="1">http://viaf.org/viaf/103168327</subfield>
		</datafield>
		<datafield tag="700" ind1="1" ind2=" ">
			<subfield code="a">Martí i Sansaloni, Valentí</subfield>
			<subfield code="e">Oversetter</subfield>
			<subfield code="4">trl</subfield>
		</datafield>
	</record>