
	<record>
		<leader>01166nam a22003377c 4500</leader>
		<controlfield tag="001">a6181058</controlfield>
		<controlfield tag="003">SpMaBN</controlfield>
		<controlfield tag="005">20180529191941.3</controlfield>
		<controlfield tag="008">180522s2017 sp a | |||| 000 1 spa </controlfield>
		<datafield tag="020" ind1=" " ind2=" ">
			<subfield code="a">9788416961276</subfield>
		</datafield>
		<datafield tag="100" ind1="1" ind2=" ">
			<subfield code="a">Vegas, Enrique V.</subfield>
			<subfield code="d">1967-</subfield>
			<subfield code="e">Illustratør</subfield>
			<subfield code="e">Forfatter</subfield>
			<subfield code="4">art</subfield>
			<subfield code="4">aut</subfield>
			<subfield code="1">http://viaf.org/viaf/87408931</subfield>
		</datafield>
		<datafield tag="240" ind1="1" ind2="0">
			<subfield code="a">Juego de cabezones</subfield>
		</datafield>
		<datafield tag="245" ind1="1" ind2="0">
			<subfield code="a">Juego de cabezones</subfield>
			<subfield code="c">[guión y dibujo, Enrique V. Vegas]</subfield>
		</datafield>
		<datafield tag="260" ind1=" " ind2=" ">
			<subfield code="a">Palma de Mallorca</subfield>
			<subfield code="b">Dolmen</subfield>
			<subfield code="c">D.L. 2017</subfield>
		</datafield>
		<datafield tag="300" ind1=" " ind2=" ">
			<subfield code="a">[120] s.</subfield>
			<subfield code="b">ill.</subfield>
			<subfield code="c">22 cm</subfield>
		</datafield>
		<datafield tag="336" ind1=" " ind2=" ">
			<subfield code="a">still image</subfield>
			<subfield code="b">si</subfield>
			<subfield code="2">rdacontent</subfield>
			<subfield code="0">http://rdaregistry.info/termList/RDAContentType/1014</subfield>
		</datafield>
		<datafield tag="337" ind1=" " ind2=" ">
			<subfield code="a">unmediated</subfield>
			<subfield code="b">umd</subfield>
			<subfield code="2">rdamedia</subfield>
			<subfield code="0">http://rdaregistry.info/termList/RDAMediaType/1007</subfield>
		</datafield>
		<datafield tag="338" ind1=" " ind2=" ">
			<subfield code="a">volume</subfield>
			<subfield code="b">vol</subfield>
			<subfield code="2">rdacarrier</subfield>
			<subfield code="0">http://rdaregistry.info/termList/RDACarrierType/1049</subfield>
		</datafield>
		<datafield tag="490" ind1="0" ind2=" ">
			<subfield code="a">Siurell</subfield>
		</datafield>
		<datafield tag="490" ind1="0" ind2=" ">
			<subfield code="a">Colección Enrique Vegas</subfield>
			<subfield code="v">15</subfield>
		</datafield>
		<datafield tag="500" ind1=" " ind2=" ">
			<subfield code="a">Basado en: A game of thrones / George R.R. Martin</subfield>
		</datafield>
		<datafield tag="655" ind1=" " ind2="4">
			<subfield code="a">Tegneserier</subfield>
		</datafield>
		<datafield tag="655" ind1=" " ind2="4">
			<subfield code="a">Adaptasjon</subfield>
		</datafield>
		<datafield tag="653" ind1=" " ind2=" ">
			<subfield code="a">Humoristisk</subfield>
		</datafield>
	</record>