
	<record>
		<leader>01386nam a2200349 c 4500</leader>
		<controlfield tag="001">a6121646</controlfield>
		<controlfield tag="003">SpMaBN</controlfield>
		<controlfield tag="005">20180725192738.4</controlfield>
		<controlfield tag="008">180228s2017 sp a | |||| 001 0 spa </controlfield>
		<datafield tag="020" ind1=" " ind2=" ">
			<subfield code="a">9788416035861</subfield>
		</datafield>
		<datafield tag="041" ind1="1" ind2=" ">
			<subfield code="a">spa</subfield>
			<subfield code="h">eng</subfield>
		</datafield>
		<datafield tag="100" ind1="1" ind2=" ">
			<subfield code="a">Martin, George R. R.</subfield>
			<subfield code="d">1948- </subfield>
			<subfield code="q">(George Raymond Richard)</subfield>
			<subfield code="1">http://viaf.org/viaf/98636170</subfield>
			<subfield code="4">aut</subfield>
			<subfield code="e">Forfatter</subfield>
		</datafield>
		<datafield tag="240" ind1="1" ind2="4">
			<subfield code="a">The world of ice &amp; fire</subfield>
			<subfield code="l">Español</subfield>
			<subfield code="1">http://viaf.org/viaf/9027151051843433530002</subfield>
		</datafield>
		<datafield tag="245" ind1="1" ind2="3">
			<subfield code="a">El mundo de hielo y fuego</subfield>
			<subfield code="b">la historia jamás contada de Poniente y del Juego de
				Tronos</subfield>
			<subfield code="c">George R.R. Martin, Elio M. García y Linda Antonsson ; [traducción
				del inglés, Natalia Caballero, Juan Pascual Martínez, Andrea Montero]</subfield>
		</datafield>
		<datafield tag="250" ind1=" " ind2=" ">
			<subfield code="a">1ª ed. en esta colección, [ed. rústica]</subfield>
		</datafield>
		<datafield tag="260" ind1=" " ind2=" ">
			<subfield code="a">Barcelona</subfield>
			<subfield code="b">Gigamesh</subfield>
			<subfield code="c">2017</subfield>
		</datafield>
		<datafield tag="300" ind1=" " ind2=" ">
			<subfield code="a">326 s.</subfield>
			<subfield code="b">ill. col.</subfield>
			<subfield code="c">30 cm</subfield>
		</datafield>
		<datafield tag="336" ind1=" " ind2=" ">
			<subfield code="a">text</subfield>
			<subfield code="b">txt</subfield>
			<subfield code="2">rdacontent</subfield>
			<subfield code="0">http://rdaregistry.info/termList/RDAContentType/1020</subfield>
		</datafield>
		<datafield tag="337" ind1=" " ind2=" ">
			<subfield code="a">unmediated</subfield>
			<subfield code="b">umd</subfield>
			<subfield code="2">rdamedia</subfield>
			<subfield code="0">http://rdaregistry.info/termList/RDAMediaType/1007</subfield>
		</datafield>
		<datafield tag="338" ind1=" " ind2=" ">
			<subfield code="a">volume</subfield>
			<subfield code="b">vol</subfield>
			<subfield code="2">rdacarrier</subfield>
			<subfield code="0">http://rdaregistry.info/termList/RDACarrierType/1049</subfield>
		</datafield>
		<datafield tag="500" ind1=" " ind2=" ">
			<subfield code="a">Índice</subfield>
		</datafield>
		<datafield tag="594" ind1=" " ind2=" ">
			<subfield code="a">Originaltittel: The world of ice &amp; fire</subfield>
		</datafield>
		<datafield tag="600" ind1="1" ind2="7">
			<subfield code="a">Martin, George R. R.</subfield>
			<subfield code="d">1948-</subfield>
			<subfield code="t">Song of ice and fire</subfield>
			<subfield code="2">embne</subfield>
			<subfield code="1">http://viaf.org/viaf/258305993</subfield>
		</datafield>
		<datafield tag="655" ind1=" " ind2="4">
			<subfield code="a">Fantasy</subfield>
		</datafield>
		<datafield tag="700" ind1="1" ind2=" ">
			<subfield code="a">Garcia, Elio</subfield>
			<subfield code="4">aut</subfield>
			<subfield code="e">Forfatter</subfield>
			<subfield code="1">http://viaf.org/viaf/309819855</subfield>
		</datafield>
		<datafield tag="700" ind1="1" ind2=" ">
			<subfield code="a">Antonsson, Linda</subfield>
			<subfield code="4">aut</subfield>
			<subfield code="e">Forfatter</subfield>
			<subfield code="1">http://viaf.org/viaf/309819854</subfield>
		</datafield>
	</record>