
	<record>
		<leader>01397nam a22003737c 4500</leader>
		<controlfield tag="001">a6401841</controlfield>
		<controlfield tag="003">SpMaBN</controlfield>
		<controlfield tag="005">20190221122118.5</controlfield>
		<controlfield tag="008">190118s2018 sp a | |||| 000 0 spa </controlfield>
		<datafield tag="020" ind1=" " ind2=" ">
			<subfield code="a">8436017226645</subfield>
		</datafield>
		<datafield tag="041" ind1="1" ind2=" ">
			<subfield code="a">spa</subfield>
			<subfield code="h">eng</subfield>
		</datafield>
		<datafield tag="100" ind1="1" ind2=" ">
			<subfield code="a">Ivey, Shane</subfield>
			<subfield code="e">Forfatter</subfield>
			<subfield code="4">aut</subfield>
			<subfield code="1">http://viaf.org/viaf/250537892</subfield>
		</datafield>
		<datafield tag="240" ind1="1" ind2="0">
			<subfield code="a">Jinetes de Rohan</subfield>
		</datafield>
		<datafield tag="245" ind1="1" ind2="0">
			<subfield code="a">Jinetes de Rohan</subfield>
			<subfield code="c">Escrito por Shane Ivey, Andrew Kenrick, T.S. Luikart, Francesco
				Nepitello y James M. Spahn ; ilustraciones, Andrew Hepworth [y otros 6] ;
				traducción, Jesús Herrero González</subfield>
		</datafield>
		<datafield tag="264" ind1=" " ind2="1">
			<subfield code="a">Barcelona</subfield>
			<subfield code="b">Devir Iberia,</subfield>
			<subfield code="c">[2018]</subfield>
		</datafield>
		<datafield tag="300" ind1=" " ind2=" ">
			<subfield code="a">160 s.</subfield>
			<subfield code="b">ill. noen col., kart</subfield>
			<subfield code="c">28 cm</subfield>
		</datafield>
		<datafield tag="336" ind1=" " ind2=" ">
			<subfield code="a">text</subfield>
			<subfield code="b">txt</subfield>
			<subfield code="2">rdacontent</subfield>
			<subfield code="0">http://rdaregistry.info/termList/RDAContentType/1020</subfield>
		</datafield>
		<datafield tag="337" ind1=" " ind2=" ">
			<subfield code="a">unmediated</subfield>
			<subfield code="b">umd</subfield>
			<subfield code="2">rdamedia</subfield>
			<subfield code="0">http://rdaregistry.info/termList/RDAMediaType/1007</subfield>
		</datafield>
		<datafield tag="338" ind1=" " ind2=" ">
			<subfield code="a">volume</subfield>
			<subfield code="b">vol</subfield>
			<subfield code="2">rdacarrier</subfield>
			<subfield code="0">http://rdaregistry.info/termList/RDACarrierType/1049</subfield>
		</datafield>
		<datafield tag="490" ind1="0" ind2=" ">
			<subfield code="a">El anillo único</subfield>
		</datafield>
		<datafield tag="500" ind1=" " ind2=" ">
			<subfield code="a">"Juego de rol de fantasía en el mundo de El hobbit y El señor de
				los anillos, basado en las novelas de J.R.R. Tolkien"-Cubierta</subfield>
		</datafield>
		<datafield tag="500" ind1=" " ind2=" ">
			<subfield code="a">Índice</subfield>
		</datafield>
		<datafield tag="655" ind1=" " ind2="4">
			<subfield code="a">Rollespill</subfield>
		</datafield>
		<datafield tag="700" ind1="1" ind2=" ">
			<subfield code="a">Kenrick, Andrew</subfield>
			<subfield code="e">Forfatter</subfield>
			<subfield code="4">aut</subfield>
			<subfield code="1">http://viaf.org/viaf/307442357</subfield>
		</datafield>
		<datafield tag="700" ind1="1" ind2=" ">
			<subfield code="a">Luikart, T. S.</subfield>
			<subfield code="e">Forfatter</subfield>
			<subfield code="4">aut</subfield>
			<subfield code="1">http://viaf.org/viaf/7155224362084370229</subfield>
		</datafield>
		<datafield tag="700" ind1="1" ind2=" ">
			<subfield code="a">Nepitello, Francesco</subfield>
			<subfield code="e">Forfatter</subfield>
			<subfield code="4">aut</subfield>
			<subfield code="1">http://viaf.org/viaf/5465149235103176690000</subfield>
		</datafield>
		<datafield tag="700" ind1="1" ind2=" ">
			<subfield code="a">Spahn, James M.</subfield>
			<subfield code="e">Forfatter</subfield>
			<subfield code="4">aut</subfield>
			<subfield code="1">http://viaf.org/viaf/74149233319776510929</subfield>
		</datafield>
		<datafield tag="700" ind1="1" ind2=" ">
			<subfield code="a">Hepworth, Andrew</subfield>
			<subfield code="e">Illustratør</subfield>
			<subfield code="4">ill</subfield>
			<subfield code="1">http://viaf.org/viaf/1155224460184372364</subfield>
		</datafield>
	</record>