
	<record>
		<leader>04438ngm a2200745 c 4500</leader>
		<controlfield tag="001">a6399982</controlfield>
		<controlfield tag="003">SpMaBN</controlfield>
		<controlfield tag="005">20190118092952.6</controlfield>
		<controlfield tag="007">vd*csaizk</controlfield>
		<controlfield tag="008">190116s2013 sp 182 g q vlspa </controlfield>
		<datafield tag="028" ind1="4" ind2="0">
			<subfield code="a">1000428588</subfield>
			<subfield code="b">Warner Bros.</subfield>
		</datafield>
		<datafield tag="041" ind1="1" ind2=" ">
			<subfield code="a">spa</subfield>
			<subfield code="a">eng</subfield>
			<subfield code="a">fre</subfield>
			<subfield code="a">ita</subfield>
			<subfield code="h">eng</subfield>
			<subfield code="j">dut</subfield>
			<subfield code="j">eng</subfield>
			<subfield code="j">fre</subfield>
			<subfield code="j">ita</subfield>
			<subfield code="j">spa</subfield>
		</datafield>
		<datafield tag="130" ind1="4" ind2=" ">
			<subfield code="a">The hobbit</subfield>
			<subfield code="p">An unexpected journey</subfield>
			<subfield code="l">Políglota</subfield>
			<subfield code="1">http://viaf.org/viaf/294348347</subfield>
		</datafield>
		<datafield tag="245" ind1="1" ind2="3">
			<subfield code="a">El hobbit</subfield>
			<subfield code="p">Un viaje inesperado</subfield>
			<subfield code="b">The hobbit</subfield>
			<subfield code="p">An unexpected journey</subfield>
			<subfield code="c">dirigida por Peter Jackson ; producida por Carolynne Cunningham, Zane
				Weiner, Fran Walsh, Peter Jackson ; guión de Fran Walsh y Philippa Boyens y Peter
				Jackson y Guillermo del Toro ; director de fotografía, Andrew Lesnie ; música de
				Howard Shore</subfield>
		</datafield>
		<datafield tag="246" ind1="3" ind2="0">
			<subfield code="a">Viaje inesperado</subfield>
		</datafield>
		<datafield tag="250" ind1=" " ind2=" ">
			<subfield code="a">Ed. extendida</subfield>
		</datafield>
		<datafield tag="250" ind1=" " ind2=" ">
			<subfield code="a">Ed. no autorizada para alquiler</subfield>
		</datafield>
		<datafield tag="260" ind1=" " ind2=" ">
			<subfield code="a">[Madrid?]</subfield>
			<subfield code="b">distribuido en España por Warner Bros.</subfield>
			<subfield code="c">D.L. 2013</subfield>
		</datafield>
		<datafield tag="300" ind1=" " ind2=" ">
			<subfield code="a">3 Blu-ray (ca. 168 min)</subfield>
			<subfield code="b">son., col.</subfield>
			<subfield code="e">1 h.</subfield>
		</datafield>
		<datafield tag="336" ind1=" " ind2=" ">
			<subfield code="a">two-dimensional moving image</subfield>
			<subfield code="b">tdmi</subfield>
			<subfield code="2">rdacontent</subfield>
			<subfield code="0">http://rdaregistry.info/termList/RDAContentType/1023</subfield>
		</datafield>
		<datafield tag="337" ind1=" " ind2=" ">
			<subfield code="a">video</subfield>
			<subfield code="b">v</subfield>
			<subfield code="2">rdamedia</subfield>
			<subfield code="0">http://rdaregistry.info/termList/RDAMediaType/1008</subfield>
		</datafield>
		<datafield tag="338" ind1=" " ind2=" ">
			<subfield code="a">videodisc</subfield>
			<subfield code="b">vd</subfield>
			<subfield code="2">rdacarrier</subfield>
			<subfield code="0">http://rdaregistry.info/termList/RDACarrierType/1060</subfield>
		</datafield>
		<datafield tag="500" ind1=" " ind2=" ">
			<subfield code="a">Basada en la obra "El Hobbit" de J.R.R.Tolkien</subfield>
		</datafield>
		<datafield tag="500" ind1=" " ind2=" ">
			<subfield code="a">Incluye hoja con código de autorización e instrucciones para
				descargar la copia digital con fecha de caducidad el 11/11/2015</subfield>
		</datafield>
		<datafield tag="500" ind1=" " ind2=" ">
			<subfield code="a">Incluye extras</subfield>
		</datafield>
		<datafield tag="500" ind1=" " ind2=" ">
			<subfield code="a">Guardado en una funda-estuche</subfield>
		</datafield>
		<datafield tag="505" ind1="0" ind2=" ">
			<subfield code="a">Disco 1. Película + Extras: Comentarios del director, "Nueva
				Zelanda, hogar de la Tierra Media" - Disco 2. Los apéndices, parte 7 : un
				viaje largo y esperado - Disco 3. Los apéndices, parte 8 : regreso a la Tierra
				Media</subfield>
		</datafield>
		<datafield tag="511" ind1="1" ind2=" ">
			<subfield code="a">Martin Freeman, Ian McKellen, Richard Armitage</subfield>
		</datafield>
		<datafield tag="518" ind1=" " ind2=" ">
			<subfield code="a">Largometraje producido en Estados Unidos en 2012</subfield>
		</datafield>
		<datafield tag="520" ind1="3" ind2=" ">
			<subfield code="a">Precuela de la trilogía de El señor de los anillos. En compañía del
				mago Gandalf y de trece enanos, el hobbit Bilbo Bolsón emprende un viaje a través
				del país de los elfos y los bosques de los trolls, desde las mazmorras de los orcos
				hasta la Montaña Solitaria, donde el dragón Smaug esconde el tesoro de los Enanos.
				Finalmente, en las profundidades de la Tierra, encuentra el Anillo Único. Ese anillo
				buscado y codiciado y que dará origen a sangre, guerra y dolor</subfield>
		</datafield>
		<datafield tag="521" ind1="1" ind2=" ">
			<subfield code="a">No recomendada para menores de 12 años</subfield>
		</datafield>
		<datafield tag="538" ind1=" " ind2=" ">
			<subfield code="a">Resolución de imagen 1080p alta definición</subfield>
		</datafield>
		<datafield tag="538" ind1=" " ind2=" ">
			<subfield code="a">Formato de película 2.40:1</subfield>
		</datafield>
		<datafield tag="538" ind1=" " ind2=" ">
			<subfield code="a">Formato de pantalla 16:9</subfield>
		</datafield>
		<datafield tag="538" ind1=" " ind2=" ">
			<subfield code="a">Formato de sonido DTS-HD Master Audio 7.1 (inglés) y Dolby Digital
				5.1 (resto de idiomas)</subfield>
		</datafield>
		<datafield tag="546" ind1=" " ind2=" ">
			<subfield code="a">Versiones en español, inglés, italiano y francés, con subtítulos
				opcionales en francés, italiano, español, holandés e inglés codificado para
				sordos</subfield>
		</datafield>
		<datafield tag="586" ind1=" " ind2=" ">
			<subfield code="a">Entre otros: Saturn Awards (2013), Annie Awards (2014), ASCAP Film
				and Television Music Awards (2013)</subfield>
		</datafield>
		<datafield tag="655" ind1=" " ind2="4">
			<subfield code="a">Fantasy</subfield>
		</datafield>
		<datafield tag="700" ind1="1" ind2=" ">
			<subfield code="a">Jackson, Peter</subfield>
			<subfield code="d">1961-</subfield>
			<subfield code="e">Regissør</subfield>
			<subfield code="e">Manusforfatter</subfield>
			<subfield code="e">Produsent</subfield>
			<subfield code="4">fmd </subfield>
			<subfield code="4">aus </subfield>
			<subfield code="4">pro</subfield>
			<subfield code="1">http://viaf.org/viaf/84213729</subfield>
		</datafield>
		<datafield tag="700" ind1="1" ind2=" ">
			<subfield code="a">Cunningham, Carolynne</subfield>
			<subfield code="e">Produsent</subfield>
			<subfield code="4">pro</subfield>
			<subfield code="1">http://viaf.org/viaf/26535009</subfield>
		</datafield>
		<datafield tag="700" ind1="1" ind2=" ">
			<subfield code="a">Weiner, Zane</subfield>
			<subfield code="e">Produsent</subfield>
			<subfield code="4">pro</subfield>
			<subfield code="1">http://viaf.org/viaf/88403242</subfield>
		</datafield>
		<datafield tag="700" ind1="1" ind2=" ">
			<subfield code="a">Walsh, Fran</subfield>
			<subfield code="d">1959-</subfield>
			<subfield code="e">Produsent</subfield>
			<subfield code="e">Manusforfatter</subfield>
			<subfield code="4">pro </subfield>
			<subfield code="4">aus</subfield>
			<subfield code="1">http://viaf.org/viaf/100240334</subfield>
		</datafield>
		<datafield tag="700" ind1="1" ind2=" ">
			<subfield code="a">Boyens, Philippa</subfield>
			<subfield code="e">Manusforfatter</subfield>
			<subfield code="4">aus</subfield>
			<subfield code="1">http://viaf.org/viaf/59309994</subfield>
		</datafield>
		<datafield tag="700" ind1="1" ind2=" ">
			<subfield code="a">Toro, Guillermo del</subfield>
			<subfield code="d">1964-</subfield>
			<subfield code="e">Manusforfatter</subfield>
			<subfield code="4">aus</subfield>
			<subfield code="1">http://viaf.org/viaf/84318163</subfield>
		</datafield>
		<datafield tag="700" ind1="1" ind2=" ">
			<subfield code="a">Lesnie, Andrew</subfield>
			<subfield code="d">1956-2015</subfield>
			<subfield code="e">director de fotografía</subfield>
			<subfield code="4">cng</subfield>
			<subfield code="1">http://viaf.org/viaf/88290627</subfield>
		</datafield>
		<datafield tag="700" ind1="1" ind2=" ">
			<subfield code="a">Shore, Howard</subfield>
			<subfield code="d">1946-</subfield>
			<subfield code="e">Komponist</subfield>
			<subfield code="4">cmp</subfield>
			<subfield code="1">http://viaf.org/viaf/19869016</subfield>
		</datafield>
		<datafield tag="700" ind1="1" ind2=" ">
			<subfield code="a">Tolkien, J. R. R.</subfield>
			<subfield code="d">1892-1973</subfield>
			<subfield code="e">Original-idé av</subfield>
			<subfield code="4">ccp</subfield>
			<subfield code="1">http://viaf.org/viaf/95218067</subfield>
		</datafield>
		<datafield tag="700" ind1="1" ind2=" ">
			<subfield code="a">Freeman, Martin</subfield>
			<subfield code="d">1971-</subfield>
			<subfield code="e">Skuespiller</subfield>
			<subfield code="4">act</subfield>
			<subfield code="1">http://viaf.org/viaf/88580583</subfield>
		</datafield>
		<datafield tag="700" ind1="1" ind2=" ">
			<subfield code="a">McKellen, Ian</subfield>
			<subfield code="d">1939-</subfield>
			<subfield code="e">Skuespiller</subfield>
			<subfield code="4">act</subfield>
			<subfield code="1">http://viaf.org/viaf/84227912</subfield>
		</datafield>
		<datafield tag="700" ind1="1" ind2=" ">
			<subfield code="a">Armitage, Richard</subfield>
			<subfield code="d">1971-</subfield>
			<subfield code="e">Skuespiller</subfield>
			<subfield code="4">act</subfield>
			<subfield code="1">http://viaf.org/viaf/78527602</subfield>
		</datafield>
	</record>