
	
	<record>
		<leader>04341ngm a2200757 c 4500</leader>
		<controlfield tag="001">a6393248</controlfield>
		<controlfield tag="003">SpMaBN</controlfield>
		<controlfield tag="005">20190111111531.6</controlfield>
		<controlfield tag="007">vd*csaizk</controlfield>
		<controlfield tag="007">vd*cvaizq</controlfield>
		<controlfield tag="008">190104s2014 sp 316 g q vlspa </controlfield>
		<datafield tag="028" ind1="4" ind2="0">
			<subfield code="a">1000457171</subfield>
			<subfield code="b">Warner Bros.</subfield>
		</datafield>
		<datafield tag="041" ind1="1" ind2=" ">
			<subfield code="a">spa</subfield>
			<subfield code="a">eng</subfield>
			<subfield code="a">ger</subfield>
			<subfield code="h">eng</subfield>
			<subfield code="j">mul</subfield>
		</datafield>
		<datafield tag="041" ind1="1" ind2=" ">
			<subfield code="a">spa</subfield>
			<subfield code="a">eng</subfield>
			<subfield code="h">eng</subfield>
			<subfield code="j">eng</subfield>
			<subfield code="j">spa</subfield>
		</datafield>
		<datafield tag="130" ind1="4" ind2=" ">
			<subfield code="a">The hobbit</subfield>
			<subfield code="p">The desolation of Smaug (Película cinematográfica)</subfield>
			<subfield code="l">Políglota</subfield>
			<subfield code="1">http://viaf.org/viaf/307311231</subfield>
		</datafield>
		<datafield tag="245" ind1="1" ind2="3">
			<subfield code="a">El hobbit</subfield>
			<subfield code="p">La desolación de Smaug</subfield>
			<subfield code="c">dirigida por Peter Jackson ; producida por Carolynne Cunningham, Zane
				Weiner, Fran Walsh, Peter Jackson ; guión de Fran Walsh y Philippa Boyens y Peter
				Jackson y Guillermo del Toro ; director de fotografía, Andrew Lesnie ; música de
				Howard Shore</subfield>
		</datafield>
		<datafield tag="246" ind1="3" ind2="0">
			<subfield code="a">Desolación de Smaug</subfield>
		</datafield>
		<datafield tag="250" ind1=" " ind2=" ">
			<subfield code="a">Ed. no autorizada para alquiler</subfield>
		</datafield>
		<datafield tag="260" ind1=" " ind2=" ">
			<subfield code="a">[Madrid?]</subfield>
			<subfield code="b">distribuida en España por Warner Bros.</subfield>
			<subfield code="c">D.L. 2014</subfield>
		</datafield>
		<datafield tag="300" ind1=" " ind2=" ">
			<subfield code="a">2 Blu-ray (ca. 161 min)</subfield>
			<subfield code="b">son., col.</subfield>
			<subfield code="e">2 h.</subfield>
		</datafield>
		<datafield tag="300" ind1=" " ind2=" ">
			<subfield code="a">1 DVD-Vídeo (ca. 155 min)</subfield>
			<subfield code="b">son., col.</subfield>
		</datafield>
		<datafield tag="336" ind1=" " ind2=" ">
			<subfield code="a">two-dimensional moving image</subfield>
			<subfield code="b">tdmi</subfield>
			<subfield code="2">rdacontent</subfield>
			<subfield code="0">http://rdaregistry.info/termList/RDAContentType/1023</subfield>
		</datafield>
		<datafield tag="337" ind1=" " ind2=" ">
			<subfield code="a">video</subfield>
			<subfield code="b">v</subfield>
			<subfield code="2">rdamedia</subfield>
			<subfield code="0">http://rdaregistry.info/termList/RDAMediaType/1008</subfield>
		</datafield>
		<datafield tag="338" ind1=" " ind2=" ">
			<subfield code="a">videodisc</subfield>
			<subfield code="b">vd</subfield>
			<subfield code="2">rdacarrier</subfield>
			<subfield code="0">http://rdaregistry.info/termList/RDACarrierType/1060</subfield>
		</datafield>
		<datafield tag="500" ind1=" " ind2=" ">
			<subfield code="a">Basada en la novela de J.R.R. Tolkien</subfield>
		</datafield>
		<datafield tag="500" ind1=" " ind2=" ">
			<subfield code="a">En carátula: Todo en uno Blu-ray + DVD + Copia digital</subfield>
		</datafield>
		<datafield tag="500" ind1=" " ind2=" ">
			<subfield code="a">Hoja con código de autorización e instrucciones para descargar la
				copia digital con fecha de caducidad el 07/04/2016</subfield>
		</datafield>
		<datafield tag="500" ind1=" " ind2=" ">
			<subfield code="a">Hoja con información comercial de LEGO</subfield>
		</datafield>
		<datafield tag="500" ind1=" " ind2=" ">
			<subfield code="a">Incluye extras</subfield>
		</datafield>
		<datafield tag="505" ind1="0" ind2=" ">
			<subfield code="a">Disco 1. Película en Blu-ray - Disco 2. Contenido especial en
				Blu-ray - Disco 3. Película en DVD</subfield>
		</datafield>
		<datafield tag="511" ind1=" " ind2=" ">
			<subfield code="a">Ian McKellen, Martin Freeman, Cate Blanchett</subfield>
		</datafield>
		<datafield tag="518" ind1=" " ind2=" ">
			<subfield code="a">Largometraje coproducido por Nueva Zelanda y Estados Unidos en
				2013</subfield>
		</datafield>
		<datafield tag="520" ind1="3" ind2=" ">
			<subfield code="a">Bilbo Bolsón continua su aventura en su viaje con el mago Gandalf y
				trece enanos liderados por Thorin Escudo de Roble en su búsqueda épica para reclamar
				el reino enano de Erebor. En su camino topan con multitud de peligros y hacen frente
				al temible dragón Smaug</subfield>
		</datafield>
		<datafield tag="521" ind1="1" ind2=" ">
			<subfield code="a">No recomendada para menores de 12 años</subfield>
		</datafield>
		<datafield tag="538" ind1=" " ind2=" ">
			<subfield code="a">Resolución de imagen 1080p Alta Definición (Blu-ray)</subfield>
		</datafield>
		<datafield tag="538" ind1=" " ind2=" ">
			<subfield code="a">Formato de película 2.40:1</subfield>
		</datafield>
		<datafield tag="538" ind1=" " ind2=" ">
			<subfield code="a">Formato de pantalla 16:9</subfield>
		</datafield>
		<datafield tag="538" ind1=" " ind2=" ">
			<subfield code="a">Formato de sonido DTS-HD Master Audio 7.1 (inglés y alemán en
				Blu-ray) y Dolby Digital 5.1 (resto de idiomas)</subfield>
		</datafield>
		<datafield tag="546" ind1=" " ind2=" ">
			<subfield code="a">Versiones en español, inglés y alemán, con subtítulos opcionales en
				islandés, hebreo, finlandés, danés, noruego, portugués, español, sueco y árabe
				(película en Blu-ray)</subfield>
		</datafield>
		<datafield tag="546" ind1=" " ind2=" ">
			<subfield code="a">Versiones en español e inglés, con subtítulos opcionales en español e
				inglés codificado para sordos (película en DVD)</subfield>
		</datafield>
		<datafield tag="586" ind1=" " ind2=" ">
			<subfield code="a">Entre otros: ASCAP Film and Television Music Awards (2014), Saturn
				Awards (2014), CinEuphoria Awards (2014), Empire Awards (2014), MTV Movie Awards
				(2014), IGN Summer Movie Awards (2013)</subfield>
		</datafield>
		<datafield tag="655" ind1=" " ind2="4">
			<subfield code="a">Fantasy</subfield>
		</datafield>
		<datafield tag="700" ind1="1" ind2=" ">
			<subfield code="a">Jackson, Peter</subfield>
			<subfield code="d">1961-</subfield>
			<subfield code="e">Regissør</subfield>
			<subfield code="e">Produsent</subfield>
			<subfield code="e">Manusforfatter</subfield>
			<subfield code="4">fmd </subfield>
			<subfield code="4">pro </subfield>
			<subfield code="4">aus</subfield>
			<subfield code="1">http://viaf.org/viaf/84213729</subfield>
		</datafield>
		<datafield tag="700" ind1="1" ind2=" ">
			<subfield code="a">Cunningham, Carolynne</subfield>
			<subfield code="e">Produsent</subfield>
			<subfield code="4">pro</subfield>
			<subfield code="1">http://viaf.org/viaf/26535009</subfield>
		</datafield>
		<datafield tag="700" ind1="1" ind2=" ">
			<subfield code="a">Weiner, Zane</subfield>
			<subfield code="e">Produsent</subfield>
			<subfield code="4">pro</subfield>
			<subfield code="1">http://viaf.org/viaf/88403242</subfield>
		</datafield>
		<datafield tag="700" ind1="1" ind2=" ">
			<subfield code="a">Walsh, Fran</subfield>
			<subfield code="d">1959-</subfield>
			<subfield code="e">Produsent</subfield>
			<subfield code="e">Manusforfatter</subfield>
			<subfield code="4">pro </subfield>
			<subfield code="4">aus</subfield>
			<subfield code="1">http://viaf.org/viaf/100240334</subfield>
		</datafield>
		<datafield tag="700" ind1="1" ind2=" ">
			<subfield code="a">Boyens, Philippa</subfield>
			<subfield code="e">Manusforfatter</subfield>
			<subfield code="4">aus</subfield>
			<subfield code="1">http://viaf.org/viaf/59309994</subfield>
		</datafield>
		<datafield tag="700" ind1="1" ind2=" ">
			<subfield code="a">Toro, Guillermo del</subfield>
			<subfield code="d">1964-</subfield>
			<subfield code="e">Manusforfatter</subfield>
			<subfield code="4">aus</subfield>
			<subfield code="1">http://viaf.org/viaf/84318163</subfield>
		</datafield>
		<datafield tag="700" ind1="1" ind2=" ">
			<subfield code="a">Lesnie, Andrew</subfield>
			<subfield code="d">1956-2015</subfield>
			<subfield code="e">director de fotografía</subfield>
			<subfield code="4">cng</subfield>
			<subfield code="1">http://viaf.org/viaf/88290627</subfield>
		</datafield>
		<datafield tag="700" ind1="1" ind2=" ">
			<subfield code="a">Shore, Howard</subfield>
			<subfield code="d">1946-</subfield>
			<subfield code="e">Komponist</subfield>
			<subfield code="4">cmp</subfield>
			<subfield code="1">http://viaf.org/viaf/19869016</subfield>
		</datafield>
		<datafield tag="700" ind1="1" ind2=" ">
			<subfield code="a">Tolkien, J. R. R.</subfield>
			<subfield code="d">1892-1973</subfield>
			<subfield code="t">The hobbit</subfield>
			<subfield code="e">Original-idé av</subfield>
			<subfield code="4">ccp</subfield>
			<subfield code="1">http://viaf.org/viaf/95218067</subfield>
		</datafield>
		<datafield tag="700" ind1="1" ind2=" ">
			<subfield code="a">McKellen, Ian</subfield>
			<subfield code="d">1939-</subfield>
			<subfield code="e">Skuespiller</subfield>
			<subfield code="4">act</subfield>
			<subfield code="1">http://viaf.org/viaf/84227912</subfield>
		</datafield>
		<datafield tag="700" ind1="1" ind2=" ">
			<subfield code="a">Freeman, Martin</subfield>
			<subfield code="d">1971-</subfield>
			<subfield code="e">Skuespiller</subfield>
			<subfield code="4">act</subfield>
			<subfield code="1">http://viaf.org/viaf/88580583</subfield>
		</datafield>
		<datafield tag="700" ind1="1" ind2=" ">
			<subfield code="a">Blanchett, Cate</subfield>
			<subfield code="d">1969-</subfield>
			<subfield code="e">Skuespiller</subfield>
			<subfield code="4">act</subfield>
			<subfield code="1">http://viaf.org/viaf/39585451</subfield>
		</datafield>
	</record>