
	<record>
		<leader>01260nam a2200349 c 4500</leader>
		<controlfield tag="001">a6141375</controlfield>
		<controlfield tag="003">SpMaBN</controlfield>
		<controlfield tag="005">20180821154053.3</controlfield>
		<controlfield tag="008">180323s2018 sp a | |||| 001 f spa </controlfield>
		<datafield tag="020" ind1=" " ind2=" ">
			<subfield code="a">9788445005064</subfield>
		</datafield>
		<datafield tag="041" ind1="1" ind2=" ">
			<subfield code="a">spa</subfield>
			<subfield code="h">eng</subfield>
		</datafield>
		<datafield tag="100" ind1="1" ind2=" ">
			<subfield code="a">Tolkien, J. R. R.</subfield>
			<subfield code="d">1892-1973</subfield>
			<subfield code="q">(John Ronald Reuel)</subfield>
			<subfield code="1">http://viaf.org/viaf/95218067</subfield>
			<subfield code="4">aut</subfield>
			<subfield code="e">Forfatter</subfield>
		</datafield>
		<datafield tag="240" ind1="1" ind2="0">
			<subfield code="a">Beren and Lúthien</subfield>
			<subfield code="l">Español</subfield>
			<subfield code="1">http://viaf.org/viaf/4792153954874105680004</subfield>
		</datafield>
		<datafield tag="245" ind1="1" ind2="0">
			<subfield code="a">Beren y Lúthien</subfield>
			<subfield code="c">J.R.R. Tolkien ; editado por Christopher Tolkien ; ilustrado por Alan
				Lee ; [traducción de Martin Simonson ... et al.]</subfield>
		</datafield>
		<datafield tag="250" ind1=" " ind2=" ">
			<subfield code="a">1ª ed.</subfield>
		</datafield>
		<datafield tag="260" ind1=" " ind2=" ">
			<subfield code="a">[Barcelona]</subfield>
			<subfield code="b">Minotauro</subfield>
			<subfield code="c">2018</subfield>
		</datafield>
		<datafield tag="300" ind1=" " ind2=" ">
			<subfield code="a">275 p., [9] h. de lám. col.</subfield>
			<subfield code="b">ill.</subfield>
			<subfield code="c">24 cm</subfield>
		</datafield>
		<datafield tag="336" ind1=" " ind2=" ">
			<subfield code="a">text</subfield>
			<subfield code="b">txt</subfield>
			<subfield code="2">rdacontent</subfield>
			<subfield code="0">http://rdaregistry.info/termList/RDAContentType/1020</subfield>
		</datafield>
		<datafield tag="337" ind1=" " ind2=" ">
			<subfield code="a">unmediated</subfield>
			<subfield code="b">umd</subfield>
			<subfield code="2">rdamedia</subfield>
			<subfield code="0">http://rdaregistry.info/termList/RDAMediaType/1007</subfield>
		</datafield>
		<datafield tag="338" ind1=" " ind2=" ">
			<subfield code="a">volume</subfield>
			<subfield code="b">vol</subfield>
			<subfield code="2">rdacarrier</subfield>
			<subfield code="0">http://rdaregistry.info/termList/RDACarrierType/1049</subfield>
		</datafield>
		<datafield tag="500" ind1=" " ind2=" ">
			<subfield code="a">Índice</subfield>
		</datafield>
		<datafield tag="594" ind1=" " ind2=" ">
			<subfield code="a">Originaltittel: Beren and Lúthien</subfield>
		</datafield>
		<datafield tag="655" ind1=" " ind2="4">
			<subfield code="a">Fantasy</subfield>
		</datafield>
		<datafield tag="700" ind1="1" ind2=" ">
			<subfield code="a">Tolkien, Christopher</subfield>
			<subfield code="d">1924-</subfield>
			<subfield code="e">Redaktør</subfield>
			<subfield code="4">edt</subfield>
			<subfield code="1">http://viaf.org/viaf/12315790</subfield>
		</datafield>
		<datafield tag="700" ind1="1" ind2=" ">
			<subfield code="a">Lee, Alan</subfield>
			<subfield code="d">1947-</subfield>
			<subfield code="e">Illustratør</subfield>
			<subfield code="4">ill</subfield>
			<subfield code="1">http://viaf.org/viaf/112458453</subfield>
		</datafield>
		<datafield tag="700" ind1="1" ind2=" ">
			<subfield code="a">Simonson, Martin</subfield>
			<subfield code="d">1973-</subfield>
			<subfield code="e">Oversetter</subfield>
			<subfield code="4">trl</subfield>
			<subfield code="1">http://viaf.org/viaf/123590829</subfield>
		</datafield>
	</record>