
	<record>
		<leader>04475ngm a2200721 c 4500</leader>
		<controlfield tag="001">a6133772</controlfield>
		<controlfield tag="003">SpMaBN</controlfield>
		<controlfield tag="005">20180322133228.5</controlfield>
		<controlfield tag="007">vd*csaizq</controlfield>
		<controlfield tag="008">180319s2017 sp 227 g q vlspa </controlfield>
		<datafield tag="028" ind1="4" ind2="0">
			<subfield code="a">F5-BSES 8210055</subfield>
			<subfield code="b">Warner Bros.</subfield>
		</datafield>
		<datafield tag="041" ind1="1" ind2=" ">
			<subfield code="a">spa</subfield>
			<subfield code="a">eng</subfield>
			<subfield code="a">ita</subfield>
			<subfield code="h">eng</subfield>
			<subfield code="j">mul</subfield>
		</datafield>
		<datafield tag="130" ind1="4" ind2=" ">
			<subfield code="a">The lord of the rings</subfield>
			<subfield code="p">The fellowship of the ring (Película cinematográfica)</subfield>
			<subfield code="l">Políglota</subfield>
			<subfield code="1">http://viaf.org/viaf/230337709</subfield>
		</datafield>
		<datafield tag="245" ind1="1" ind2="3">
			<subfield code="a">El señor de los anillos</subfield>
			<subfield code="p">La comunidad del anillo =</subfield>
			<subfield code="b">The lord of the rings. The fellowship of the ring</subfield>
			<subfield code="c">directed by Peter Jackson ; producers, Barrie M. Osborne, Peter
				Jackson, Fran Walsh, Tim Sanders ; screenplay by Fran Walsh &amp; Philippa Boyens
				&amp; Peter Jackson ; director of photography, Andrew Lesnie ; music by Howard
				Shore</subfield>
		</datafield>
		<datafield tag="246" ind1="3" ind2="0">
			<subfield code="a">Comunidad del anillo</subfield>
		</datafield>
		<datafield tag="250" ind1=" " ind2=" ">
			<subfield code="a">Ed. extendida</subfield>
		</datafield>
		<datafield tag="260" ind1=" " ind2=" ">
			<subfield code="a">Madrid</subfield>
			<subfield code="b">Warner Bros.</subfield>
			<subfield code="b">distribuida en España por Twentieth Century Fox</subfield>
			<subfield code="c">D.L. 2017</subfield>
		</datafield>
		<datafield tag="300" ind1=" " ind2=" ">
			<subfield code="a">2 Blu-ray (ca. 227 min)</subfield>
			<subfield code="b">son., col.</subfield>
		</datafield>
		<datafield tag="336" ind1=" " ind2=" ">
			<subfield code="a">two-dimensional moving image</subfield>
			<subfield code="b">tdmi</subfield>
			<subfield code="2">rdacontent</subfield>
			<subfield code="0">http://rdaregistry.info/termList/RDAContentType/1023</subfield>
		</datafield>
		<datafield tag="337" ind1=" " ind2=" ">
			<subfield code="a">video</subfield>
			<subfield code="b">v</subfield>
			<subfield code="2">rdamedia</subfield>
			<subfield code="0">http://rdaregistry.info/termList/RDAMediaType/1008</subfield>
		</datafield>
		<datafield tag="338" ind1=" " ind2=" ">
			<subfield code="a">videodisc</subfield>
			<subfield code="b">vd</subfield>
			<subfield code="2">rdacarrier</subfield>
			<subfield code="0">http://rdaregistry.info/termList/RDACarrierType/1060</subfield>
		</datafield>
		<datafield tag="500" ind1=" " ind2=" ">
			<subfield code="a">Basada en la novela homónima de J.R.R. Tolkien</subfield>
		</datafield>
		<datafield tag="500" ind1=" " ind2=" ">
			<subfield code="a">Incluye comentarios del director, los guionistas, del reparto y de
				los equipos de producción y diseño</subfield>
		</datafield>
		<datafield tag="505" ind1="0" ind2=" ">
			<subfield code="a">Disco 1. Parte uno - Disco 2. Parte dos</subfield>
		</datafield>
		<datafield tag="511" ind1="1" ind2=" ">
			<subfield code="a">Elijah Wood, Ian McKellen, Liv Tyler</subfield>
		</datafield>
		<datafield tag="518" ind1=" " ind2=" ">
			<subfield code="a">Largometraje producido en Estados Unidos en 2001</subfield>
		</datafield>
		<datafield tag="520" ind1="3" ind2=" ">
			<subfield code="a">En la Tierra Media, el Señor Oscuro Saurón ordenó a los Elfos que
				forjaran los Grandes Anillos de Poder. Tres para los reyes Elfos, siete para los
				Señores Enanos, y nueve para los Hombres Mortales. Pero Saurón también forjó, en
				secreto, el Anillo Único, que tiene el poder de esclavizar toda la Tierra Media. Con
				la ayuda de sus amigos y de valientes aliados, el joven hobbit Frodo emprende un
				peligroso viaje con la misión de destruir el Anillo Único. Pero el malvado Sauron
				ordena la persecución del grupo, compuesto por Frodo y sus leales amigos hobbits, un
				mago, un hombre, un elfo y un enano. La misión es casi suicida pero necesaria, pues
				si Sauron con su ejército de orcos lograra recuperar el Anillo, sería el final de la
				Tierra Media</subfield>
		</datafield>
		<datafield tag="521" ind1="1" ind2=" ">
			<subfield code="a">No recomendada para menores de 13 años</subfield>
		</datafield>
		<datafield tag="530" ind1=" " ind2=" ">
			<subfield code="a">Disponible también en DVD-Vídeo</subfield>
		</datafield>
		<datafield tag="546" ind1=" " ind2=" ">
			<subfield code="a">Versiones en español, inglés e italiano, con subtítulos opcionales en
				español, inglés, danés, finés, italiano, noruego, sueco e islandés</subfield>
		</datafield>
		<datafield tag="586" ind1=" " ind2=" ">
			<subfield code="a">Entre otros: Óscar a la Mejor fotografía, a la Mejor banda sonora, a
				los Mejores efectos visuales y al Mejor maquillaje (2002), BAFTA Awards (2002), AFI
				Awards (2002), Bodil Prisen (2002)</subfield>
		</datafield>
		<datafield tag="597" ind1=" " ind2=" ">
			<subfield code="a">Resolución de imagen 1080p Alta Definición</subfield>
		</datafield>
		<datafield tag="597" ind1=" " ind2=" ">
			<subfield code="a">Formato de película 2.40:1</subfield>
		</datafield>
		<datafield tag="597" ind1=" " ind2=" ">
			<subfield code="a">Formato de pantalla 16:9</subfield>
		</datafield>
		<datafield tag="597" ind1=" " ind2=" ">
			<subfield code="a">Formato de sonido DTS-HD Master Audio 6.1</subfield>
		</datafield>
		<datafield tag="655" ind1=" " ind2="4">
			<subfield code="a">Fantasy</subfield>
		</datafield>
		<datafield tag="700" ind1="1" ind2=" ">
			<subfield code="a">Jackson, Peter</subfield>
			<subfield code="d">1961-</subfield>
			<subfield code="e">Regissør</subfield>
			<subfield code="e">Manusforfatter</subfield>
			<subfield code="e">Produsent</subfield>
			<subfield code="4">fmd</subfield>
			<subfield code="4">aus </subfield>
			<subfield code="4">pro</subfield>
			<subfield code="1">http://viaf.org/viaf/84213729</subfield>
		</datafield>
		<datafield tag="700" ind1="1" ind2=" ">
			<subfield code="a">Osborne, Barrie M.</subfield>
			<subfield code="d">1944-</subfield>
			<subfield code="e">Produsent</subfield>
			<subfield code="4">pro</subfield>
			<subfield code="1">http://viaf.org/viaf/137849937</subfield>
		</datafield>
		<datafield tag="700" ind1="1" ind2=" ">
			<subfield code="a">Walsh, Fran</subfield>
			<subfield code="d">1959-</subfield>
			<subfield code="e">Manusforfatter</subfield>
			<subfield code="4">aus</subfield>
			<subfield code="1">http://viaf.org/viaf/100240334</subfield>
		</datafield>
		<datafield tag="700" ind1="1" ind2=" ">
			<subfield code="a">Sanders, Tim</subfield>
			<subfield code="e">Produsent</subfield>
			<subfield code="4">pro</subfield>
			<subfield code="1">http://viaf.org/viaf/65146937743713830915</subfield>
		</datafield>
		<datafield tag="700" ind1="1" ind2=" ">
			<subfield code="a">Boyens, Philippa</subfield>
			<subfield code="e">Manusforfatter</subfield>
			<subfield code="4">aus</subfield>
			<subfield code="1">http://viaf.org/viaf/59309994</subfield>
		</datafield>
		<datafield tag="700" ind1="1" ind2=" ">
			<subfield code="a">Lesnie, Andrew</subfield>
			<subfield code="d">1956-2015</subfield>
			<subfield code="e">director de fotografía</subfield>
			<subfield code="4">cng</subfield>
			<subfield code="1">http://viaf.org/viaf/88290627</subfield>
		</datafield>
		<datafield tag="700" ind1="1" ind2=" ">
			<subfield code="a">Shore, Howard</subfield>
			<subfield code="d">1946-</subfield>
			<subfield code="e">Komponist</subfield>
			<subfield code="4">cmp</subfield>
			<subfield code="1">http://viaf.org/viaf/19869016</subfield>
		</datafield>
		<datafield tag="700" ind1="1" ind2=" ">
			<subfield code="a">Wood, Elijah</subfield>
			<subfield code="d">1981-</subfield>
			<subfield code="e">Skuespiller</subfield>
			<subfield code="4">act</subfield>
			<subfield code="1">http://viaf.org/viaf/34660423</subfield>
		</datafield>
		<datafield tag="700" ind1="1" ind2=" ">
			<subfield code="a">McKellen, Ian</subfield>
			<subfield code="d">1939-</subfield>
			<subfield code="e">Skuespiller</subfield>
			<subfield code="4">act</subfield>
			<subfield code="1">http://viaf.org/viaf/84227912</subfield>
		</datafield>
		<datafield tag="700" ind1="1" ind2=" ">
			<subfield code="a">Tyler, Liv</subfield>
			<subfield code="d">1977-</subfield>
			<subfield code="e">Skuespiller</subfield>
			<subfield code="4">act</subfield>
			<subfield code="1">http://viaf.org/viaf/85338476</subfield>
		</datafield>
		<datafield tag="700" ind1="1" ind2=" ">
			<subfield code="a">Tolkien, J. R. R.</subfield>
			<subfield code="d">1892-1973</subfield>
			<subfield code="t">The fellowship of the ring</subfield>
			<subfield code="e">Original-idé av</subfield>
			<subfield code="4">ccp</subfield>
			<subfield code="1">http://viaf.org/viaf/95218067</subfield>
		</datafield>
		<datafield tag="776" ind1="0" ind2=" ">
			<subfield code="t">El señor de los anillos, la comunidad del anillo</subfield>
			<subfield code="h">2 DVD-Vídeo</subfield>
			<subfield code="w">a6028938</subfield>
		</datafield>
	</record>