
	<record>
		<leader>01587nam a22003977c 4500</leader>
		<controlfield tag="001">a6037780</controlfield>
		<controlfield tag="003">SpMaBN</controlfield>
		<controlfield tag="005">20190212005027.3</controlfield>
		<controlfield tag="008">171016s2017 sp a | |||| 001 0 spa </controlfield>
		<datafield tag="020" ind1=" " ind2=" ">
			<subfield code="z">8436017225563</subfield>
		</datafield>
		<datafield tag="041" ind1="1" ind2=" ">
			<subfield code="a">spa</subfield>
			<subfield code="h">eng</subfield>
		</datafield>
		<datafield tag="240" ind1="1" ind2="0">
			<subfield code="a">Ruins of the north</subfield>
		</datafield>
		<datafield tag="245" ind1="0" ind2="0">
			<subfield code="a">Ruinas del norte</subfield>
			<subfield code="c">[escrito por Adam Dials ... et al. ; texto adicional de Andrew
				Kermick y Francesco Nepitello ; ilustraciones de Andy Hepworth ... et al. ;
				traducción, Jesús Herrero González]</subfield>
		</datafield>
		<datafield tag="260" ind1=" " ind2=" ">
			<subfield code="a">Barcelona</subfield>
			<subfield code="b">Devir</subfield>
			<subfield code="c">D.L. 2017</subfield>
		</datafield>
		<datafield tag="300" ind1=" " ind2=" ">
			<subfield code="a">144 s.</subfield>
			<subfield code="b">ill. col., kart</subfield>
			<subfield code="c">28 cm</subfield>
		</datafield>
		<datafield tag="336" ind1=" " ind2=" ">
			<subfield code="a">text</subfield>
			<subfield code="b">txt</subfield>
			<subfield code="2">rdacontent</subfield>
			<subfield code="0">http://rdaregistry.info/termList/RDAContentType/1020</subfield>
		</datafield>
		<datafield tag="337" ind1=" " ind2=" ">
			<subfield code="a">unmediated</subfield>
			<subfield code="b">umd</subfield>
			<subfield code="2">rdamedia</subfield>
			<subfield code="0">http://rdaregistry.info/termList/RDAMediaType/1007</subfield>
		</datafield>
		<datafield tag="338" ind1=" " ind2=" ">
			<subfield code="a">volume</subfield>
			<subfield code="b">vol</subfield>
			<subfield code="2">rdacarrier</subfield>
			<subfield code="0">http://rdaregistry.info/termList/RDACarrierType/1049</subfield>
		</datafield>
		<datafield tag="490" ind1="0" ind2=" ">
			<subfield code="a">El anillo único</subfield>
		</datafield>
		<datafield tag="500" ind1=" " ind2=" ">
			<subfield code="a">Índice</subfield>
		</datafield>
		<datafield tag="500" ind1=" " ind2=" ">
			<subfield code="a">Complementa el material de transfondo y de reglas del suplento
				Rivendel</subfield>
		</datafield>
		<datafield tag="500" ind1=" " ind2=" ">
			<subfield code="a">Basado en las novelas de J.R.R. Tolkien</subfield>
		</datafield>
		<datafield tag="594" ind1=" " ind2=" ">
			<subfield code="a">Originaltittel: Ruins of the north</subfield>
		</datafield>
		<datafield tag="596" ind1=" " ind2=" ">
			<subfield code="a">En la P. 4 de la cubierta: Middle-Earth TM; Sophisticated Games;
				Cubicle Seven</subfield>
		</datafield>
		<datafield tag="655" ind1=" " ind2="4">
			<subfield code="a">Rollespill</subfield>
		</datafield>
		<datafield tag="655" ind1=" " ind2="4">
			<subfield code="a">Fantasy</subfield>
		</datafield>
		<datafield tag="700" ind1="1" ind2=" ">
			<subfield code="a">Dials, Adam</subfield>
			<subfield code="e">Forfatter</subfield>
			<subfield code="4">aut</subfield>
			<subfield code="1">http://viaf.org/viaf/79149235079976690001</subfield>
		</datafield>
		<datafield tag="700" ind1="1" ind2=" ">
			<subfield code="a">Kermick, Andrew</subfield>
			<subfield code="e">Forfatter av tillegstekst</subfield>
			<subfield code="4">wat</subfield>
		</datafield>
		<datafield tag="700" ind1="1" ind2=" ">
			<subfield code="a">Nepitello, Francesco</subfield>
			<subfield code="e">Forfatter av tillegstekst</subfield>
			<subfield code="4">wat</subfield>
			<subfield code="1">http://viaf.org/viaf/5465149235103176690000</subfield>
		</datafield>
		<datafield tag="700" ind1="1" ind2=" ">
			<subfield code="a">Hepworth, Andrew</subfield>
			<subfield code="e">Illustratør</subfield>
			<subfield code="4">ill</subfield>
			<subfield code="1">http://viaf.org/viaf/1155224460184372364</subfield>
		</datafield>
	</record>