
	<record>
		<leader>04695ngm a2200769 c 4500</leader>
		<controlfield tag="001">a6029363</controlfield>
		<controlfield tag="003">SpMaBN</controlfield>
		<controlfield tag="005">20171026103807.5</controlfield>
		<controlfield tag="007">vd*cvadzq</controlfield>
		<controlfield tag="008">170928s2017 sp 171 g vlspa </controlfield>
		<datafield tag="028" ind1="4" ind2="0">
			<subfield code="a">F5-SES8210005</subfield>
			<subfield code="b">Twentieth Century Fox</subfield>
		</datafield>
		<datafield tag="041" ind1="1" ind2=" ">
			<subfield code="a">spa</subfield>
			<subfield code="e">ng</subfield>
			<subfield code="j">spa</subfield>
			<subfield code="j">eng</subfield>
			<subfield code="h">eng</subfield>
		</datafield>
		<datafield tag="130" ind1="4" ind2=" ">
			<subfield code="a">The lord of the rings</subfield>
			<subfield code="p">The fellowship of the ring</subfield>
			<subfield code="l">Español-Inglés</subfield>
			<subfield code="1">http://viaf.org/viaf/230337709</subfield>
		</datafield>
		<datafield tag="245" ind1="1" ind2="3">
			<subfield code="a">El señor de los anillos.</subfield>
			<subfield code="p">La comunidad del anillo =</subfield>
			<subfield code="b">The lord of the rings.</subfield>
			<subfield code="p">The fellowship of the ring</subfield>
			<subfield code="c">directed by Peter Jackson ; producers, Barrie M. Osborne, Peter
				Jackson ; screenplay by Fran Walsh, Philippa Boyens, Peter Jackson ; director of
				photography, andrew Lesnie ; music composed, orchestrated and conducted by Howard
				Shore</subfield>
		</datafield>
		<datafield tag="246" ind1="3" ind2="0">
			<subfield code="a">La comunidad del anillo</subfield>
		</datafield>
		<datafield tag="260" ind1=" " ind2=" ">
			<subfield code="a">Madrid</subfield>
			<subfield code="b">distribuida en España por Twentieth Century Fox Home Entertainment
				España</subfield>
			<subfield code="c">D.L. 2017</subfield>
		</datafield>
		<datafield tag="300" ind1=" " ind2=" ">
			<subfield code="a">1 DVD-Vídeo (ca 171 min)</subfield>
			<subfield code="b">son., col.</subfield>
			<subfield code="e">1 DVD</subfield>
		</datafield>
		<datafield tag="336" ind1=" " ind2=" ">
			<subfield code="a">two-dimensional moving image</subfield>
			<subfield code="b">tdmi</subfield>
			<subfield code="2">rdacontent</subfield>
			<subfield code="0">http://rdaregistry.info/termList/RDAContentType/1023</subfield>
		</datafield>
		<datafield tag="337" ind1=" " ind2=" ">
			<subfield code="a">video</subfield>
			<subfield code="b">v</subfield>
			<subfield code="2">rdamedia</subfield>
			<subfield code="0">http://rdaregistry.info/termList/RDAMediaType/1008</subfield>
		</datafield>
		<datafield tag="338" ind1=" " ind2=" ">
			<subfield code="a">videodisc</subfield>
			<subfield code="b">vd</subfield>
			<subfield code="2">rdacarrier</subfield>
			<subfield code="0">http://rdaregistry.info/termList/RDACarrierType/1060</subfield>
		</datafield>
		<datafield tag="500" ind1=" " ind2=" ">
			<subfield code="a">Basado en el libro de J. R. R. Tolkien</subfield>
		</datafield>
		<datafield tag="500" ind1=" " ind2=" ">
			<subfield code="a">Lugares de rodaje: Nueva Zelanda</subfield>
		</datafield>
		<datafield tag="500" ind1=" " ind2=" ">
			<subfield code="a">Incluye material extra: Buscando Hobbiton , Creyendo en el mundo de
				Bree, Ringwraiths: Los reyes vencidos, Rivendell: El refugio de los elfos, Lenguajes
				de la Tierra Media</subfield>
		</datafield>
		<datafield tag="505" ind1="0" ind2=" ">
			<subfield code="a">Temas musicales: "May it be"; "Aníron" / composed
				and performed by, Enya</subfield>
		</datafield>
		<datafield tag="511" ind1="1" ind2=" ">
			<subfield code="a">Elijah Wood, Ian Mckellen, Liv Tyler, Viggo Mortensen</subfield>
		</datafield>
		<datafield tag="518" ind1=" " ind2=" ">
			<subfield code="a">Largometraje realizado en Estados Unidos en 2001</subfield>
		</datafield>
		<datafield tag="520" ind1="3" ind2=" ">
			<subfield code="a">En la Tierra Media, el Señor Oscuro Saurón ordenó a los Elfos que
				forjaran los Grandes Anillos de Poder. Tres para los reyes Elfos, siete para los
				Señores Enanos, y nueve para los Hombres Mortales. Pero Saurón también forjó, en
				secreto, el Anillo Único, que tiene el poder de esclavizar toda la Tierra Media. Con
				la ayuda de sus amigos y de valientes aliados, el joven hobbit Frodo emprende un
				peligroso viaje con la misión de destruir el Anillo Único. Pero el malvado Sauron
				ordena la persecución del grupo, compuesto por Frodo y sus leales amigos hobbits, un
				mago, un hombre, un elfo y un enano. La misión es casi suicida pero necesaria, pues
				si Sauron con su ejército de orcos lograra recuperar el Anillo, sería el final de la
				Tierra Media</subfield>
		</datafield>
		<datafield tag="521" ind1="1" ind2=" ">
			<subfield code="a">No Recomendada para menores de 12 años</subfield>
		</datafield>
		<datafield tag="546" ind1=" " ind2=" ">
			<subfield code="a">Versiones en español e ingles, con subtítulos opcionales en español e
				inglés</subfield>
		</datafield>
		<datafield tag="586" ind1=" " ind2=" ">
			<subfield code="a">Ganadora de 4 Premios Óscar en 2002 "Mejor fotografía",
				"Mejor banda sonora", "Efectos visuales" y "Mejor
				maquillaje". Entre otros premios además: BAFTA Awards (2002), AFI Awards
				(2002), Bodil Awards (2002)</subfield>
		</datafield>
		<datafield tag="597" ind1=" " ind2=" ">
			<subfield code="a">Sistema de grabación del color PAL</subfield>
		</datafield>
		<datafield tag="597" ind1=" " ind2=" ">
			<subfield code="a">Formato de película 1.85:1</subfield>
		</datafield>
		<datafield tag="597" ind1=" " ind2=" ">
			<subfield code="a">Formato de pantalla 16:9</subfield>
		</datafield>
		<datafield tag="655" ind1=" " ind2="4">
			<subfield code="a">Fantasy</subfield>
		</datafield>
		<datafield tag="655" ind1=" " ind2="4">
			<subfield code="a">Drama</subfield>
		</datafield>
		<datafield tag="700" ind1="1" ind2=" ">
			<subfield code="a">Jackson, Peter</subfield>
			<subfield code="d">1961-</subfield>
			<subfield code="e">Regissør</subfield>
			<subfield code="e">Produsent</subfield>
			<subfield code="e">Manusforfatter</subfield>
			<subfield code="4">pro </subfield>
			<subfield code="4">aus</subfield>
			<subfield code="1">http://viaf.org/viaf/84213729</subfield>
		</datafield>
		<datafield tag="700" ind1="1" ind2=" ">
			<subfield code="a">Osborne, Barrie M.</subfield>
			<subfield code="d">1944-</subfield>
			<subfield code="e">Produsent</subfield>
			<subfield code="4">pro</subfield>
			<subfield code="1">http://viaf.org/viaf/137849937</subfield>
		</datafield>
		<datafield tag="700" ind1="1" ind2=" ">
			<subfield code="a">Walsh, Fran</subfield>
			<subfield code="d">1959-</subfield>
			<subfield code="e">Manusforfatter</subfield>
			<subfield code="4">aus</subfield>
			<subfield code="1">http://viaf.org/viaf/100240334</subfield>
		</datafield>
		<datafield tag="700" ind1="1" ind2=" ">
			<subfield code="a">Boyens, Philippa</subfield>
			<subfield code="e">Manusforfatter</subfield>
			<subfield code="4">aus</subfield>
			<subfield code="1">http://viaf.org/viaf/59309994</subfield>
		</datafield>
		<datafield tag="700" ind1="1" ind2=" ">
			<subfield code="a">Lesnie, Andrew</subfield>
			<subfield code="d">1956-2015</subfield>
			<subfield code="e">director de fotografía</subfield>
			<subfield code="4">cng</subfield>
			<subfield code="1">http://viaf.org/viaf/88290627</subfield>
		</datafield>
		<datafield tag="700" ind1="1" ind2=" ">
			<subfield code="a">Shore, Howard</subfield>
			<subfield code="d">1946-</subfield>
			<subfield code="e">Komponist</subfield>
			<subfield code="4">cmp</subfield>
			<subfield code="1">http://viaf.org/viaf/19869016</subfield>
		</datafield>
		<datafield tag="700" ind1="1" ind2=" ">
			<subfield code="a">Enya</subfield>
			<subfield code="d">1961-</subfield>
			<subfield code="e">cantante</subfield>
			<subfield code="e">Komponist</subfield>
			<subfield code="4">sng </subfield>
			<subfield code="4">cmp</subfield>
			<subfield code="1">http://viaf.org/viaf/116294507</subfield>
		</datafield>
		<datafield tag="700" ind1="1" ind2=" ">
			<subfield code="a">Wood, Elijah</subfield>
			<subfield code="d">1981-</subfield>
			<subfield code="e">Skuespiller</subfield>
			<subfield code="4">act</subfield>
			<subfield code="1">http://viaf.org/viaf/34660423</subfield>
		</datafield>
		<datafield tag="700" ind1="1" ind2=" ">
			<subfield code="a">McKellen, Ian</subfield>
			<subfield code="d">1939-</subfield>
			<subfield code="e">Skuespiller</subfield>
			<subfield code="4">act</subfield>
			<subfield code="1">http://viaf.org/viaf/84227912</subfield>
		</datafield>
		<datafield tag="700" ind1="1" ind2=" ">
			<subfield code="a">Tyler, Liv</subfield>
			<subfield code="d">1977-</subfield>
			<subfield code="e">Skuespiller</subfield>
			<subfield code="4">act</subfield>
			<subfield code="1">http://viaf.org/viaf/85338476</subfield>
		</datafield>
		<datafield tag="700" ind1="1" ind2="2">
			<subfield code="a">Tolkien, J. R. R.</subfield>
			<subfield code="d">1892-1973</subfield>
			<subfield code="t">The fellowship of the ring</subfield>
			<subfield code="1">http://viaf.org/viaf/185888925</subfield>
		</datafield>
		<datafield tag="740" ind1="0" ind2="2">
			<subfield code="a">Buscando Hobbiton.</subfield>
		</datafield>
		<datafield tag="740" ind1="0" ind2="2">
			<subfield code="a">Creyendo en el mundo de Bree.</subfield>
		</datafield>
		<datafield tag="740" ind1="0" ind2="2">
			<subfield code="a">Ringwraiths, los reyes vencidos.</subfield>
		</datafield>
		<datafield tag="740" ind1="0" ind2="2">
			<subfield code="a">Rivendell, el refugio de los Elfos.</subfield>
		</datafield>
		<datafield tag="740" ind1="0" ind2="2">
			<subfield code="a">Lenguajes de la Tierra Media.</subfield>
		</datafield>
	</record>