
	<record>
		<leader>01892nam a22004097c 4500</leader>
		<controlfield tag="001">a6282460</controlfield>
		<controlfield tag="003">SpMaBN</controlfield>
		<controlfield tag="005">20181009175044.3</controlfield>
		<controlfield tag="008">180717s2017 sp a | |||| 000 1 spa </controlfield>
		<datafield tag="020" ind1=" " ind2=" ">
			<subfield code="a">9788417147969</subfield>
		</datafield>
		<datafield tag="041" ind1="1" ind2=" ">
			<subfield code="a">spa</subfield>
			<subfield code="h">eng</subfield>
		</datafield>
		<datafield tag="100" ind1="1" ind2=" ">
			<subfield code="a">Adams, Douglas</subfield>
			<subfield code="d">1952-2001 </subfield>
			<subfield code="q">(Douglas Noel)</subfield>
			<subfield code="1">http://viaf.org/viaf/113230702</subfield>
			<subfield code="4">aut</subfield>
			<subfield code="e">Forfatter</subfield>
		</datafield>
		<datafield tag="240">
			<subfield code="a">Dirk Gently's Holistic Detective Agency /</subfield>
			<subfield code="1">http://viaf.org/viaf/179734837</subfield>
		</datafield>
		<datafield tag="245" ind1="0" ind2="0">
			<subfield code="a">Dirk Gently, Agencia de Investigaciones Holísticas :</subfield>
			<subfield code="b">una gran novela gráfica holística</subfield>
			<subfield code="c">[idea original, Douglas Adams ; traducción, Roberto Rodríguez
				Millán]</subfield>
		</datafield>
		<datafield tag="260" ind1=" " ind2=" ">
			<subfield code="a">Barcelona</subfield>
			<subfield code="b">ECC</subfield>
			<subfield code="c">2017</subfield>
		</datafield>
		<datafield tag="300" ind1=" " ind2=" ">
			<subfield code="a">224, [16] s.</subfield>
			<subfield code="b">ill. col.</subfield>
			<subfield code="c">26 cm</subfield>
		</datafield>
		<datafield tag="336" ind1=" " ind2=" ">
			<subfield code="a">text</subfield>
			<subfield code="b">txt</subfield>
			<subfield code="2">rdacontent</subfield>
			<subfield code="0">http://rdaregistry.info/termList/RDAContentType/1020</subfield>
		</datafield>
		<datafield tag="337" ind1=" " ind2=" ">
			<subfield code="a">unmediated</subfield>
			<subfield code="b">umd</subfield>
			<subfield code="2">rdamedia</subfield>
			<subfield code="0">http://rdaregistry.info/termList/RDAMediaType/1007</subfield>
		</datafield>
		<datafield tag="338" ind1=" " ind2=" ">
			<subfield code="a">volume</subfield>
			<subfield code="b">vol</subfield>
			<subfield code="2">rdacarrier</subfield>
			<subfield code="0">http://rdaregistry.info/termList/RDACarrierType/1049</subfield>
		</datafield>
		<datafield tag="490" ind1="0" ind2=" ">
			<subfield code="a">Dirk Gently, Agencia de Investigaciones Holísticas</subfield>
		</datafield>
		<datafield tag="500" ind1=" " ind2=" ">
			<subfield code="a">Incluye apéndice documental</subfield>
		</datafield>
		<datafield tag="505" ind1="0" ind2=" ">
			<subfield code="a">Una cuchara demasiado corta / guion, Arvind Ethan David ; dibujo,
				Ilias Kyriazis. La interconexión de todas las coronas / guion, Chris Ryall ; dibujo,
				Tony Akins e Ilias Kyriazis</subfield>
		</datafield>
		<datafield tag="595" ind1=" " ind2=" ">
			<subfield code="a">Publicado originalmente en Douglas Adam's Dirk Gently's Holistic
				Detective Agency: The interconnectedness of all kings, n. 1-5; Douglas Adam's Dirk
				Gently's Holistic Detective Agency: A spoon too short, n. 1-5</subfield>
		</datafield>
		<datafield tag="596" ind1=" " ind2=" ">
			<subfield code="a">En la p. 4 de la cubierta: IDW</subfield>
		</datafield>
		<datafield tag="600" ind1=" " ind2="0">
			<subfield code="a">Gently, Dirk </subfield>
			<subfield code="c">((Fiktiv karakter))</subfield>
		</datafield>
		<datafield tag="653" ind1=" " ind2=" ">
			<subfield code="a">Detektiver</subfield>
		</datafield>
		<datafield tag="655" ind1=" " ind2="0">
			<subfield code="a">Science-fiction</subfield>
		</datafield>
		<datafield tag="700" ind1="1" ind2=" ">
			<subfield code="a">David, Arvind Ethan</subfield>
			<subfield code="e">Forfatter</subfield>
			<subfield code="4">aut</subfield>
			<subfield code="1">http://viaf.org/viaf/29012268</subfield>
		</datafield>
		<datafield tag="700" ind1="1" ind2=" ">
			<subfield code="a">Kyriazis, Ilias</subfield>
			<subfield code="e">Illustratør</subfield>
			<subfield code="4">art</subfield>
			<subfield code="1">http://viaf.org/viaf/121235524</subfield>
		</datafield>
		<datafield tag="700" ind1="1" ind2=" ">
			<subfield code="a">Adams, Douglas</subfield>
			<subfield code="d">1952-2001</subfield>
			<subfield code="e">Original-idé av</subfield>
			<subfield code="4">ccp</subfield>
			<subfield code="1">http://viaf.org/viaf/113230702</subfield>
		</datafield>
		<datafield tag="740" ind1="4" ind2="2">
			<subfield code="a">Una cuchara demasiado corta</subfield>
		</datafield>
		<datafield tag="740" ind1="3" ind2="2">
			<subfield code="a">La interconexión de todas las cosas</subfield>
		</datafield>
	</record>