
	<record>
		<leader>01287cam a2200361 4500</leader>
		<controlfield tag="001">a4699867</controlfield>
		<controlfield tag="003">SpMaBN</controlfield>
		<controlfield tag="005">20171215132621.6</controlfield>
		<controlfield tag="008">100310s2010 sp | |||| 000 f spa </controlfield>
		<datafield tag="020" ind1=" " ind2=" ">
			<subfield code="a">9788433973702</subfield>
		</datafield>
		<datafield tag="041" ind1="1" ind2=" ">
			<subfield code="a">spa</subfield>
			<subfield code="h">eng</subfield>
		</datafield>
		<datafield tag="100" ind1="1" ind2=" ">
			<subfield code="a">Adams, Douglas</subfield>
			<subfield code="d">1952-2001 </subfield>
			<subfield code="q">(Douglas Noel)</subfield>
			<subfield code="1">http://viaf.org/viaf/113230702</subfield>
			<subfield code="4">aut</subfield>
			<subfield code="e">Forfatter</subfield>
		</datafield>
		<datafield tag="240" ind1="1" ind2="0">
			<subfield code="a">Life, the universe and everything</subfield>
			<subfield code="l">Español</subfield>
			<subfield code="1">https://viaf.org/viaf/213998319</subfield>
		</datafield>
		<datafield tag="245" ind1="1" ind2="3">
			<subfield code="a">La vida, el universo y todo lo demás</subfield>
			<subfield code="h">[Texto impreso]</subfield>
			<subfield code="c">Douglas Adams ; traducción de Benito Gómez Ibáñez</subfield>
		</datafield>
		<datafield tag="250" ind1=" " ind2=" ">
			<subfield code="a">1ª ed. en Compactos</subfield>
		</datafield>
		<datafield tag="260" ind1=" " ind2=" ">
			<subfield code="a">Barcelona</subfield>
			<subfield code="b">Anagrama</subfield>
			<subfield code="c">2010</subfield>
		</datafield>
		<datafield tag="300" ind1=" " ind2=" ">
			<subfield code="a">187 s.</subfield>
			<subfield code="c">21 cm</subfield>
		</datafield>
		<datafield tag="336" ind1=" " ind2=" ">
			<subfield code="a">text</subfield>
			<subfield code="b">txt</subfield>
			<subfield code="2">rdacontent</subfield>
			<subfield code="0">http://rdaregistry.info/termList/RDAContentType/1020</subfield>
		</datafield>
		<datafield tag="337" ind1=" " ind2=" ">
			<subfield code="a">unmediated</subfield>
			<subfield code="b">umd</subfield>
			<subfield code="2">rdamedia</subfield>
			<subfield code="0">http://rdaregistry.info/termList/RDAMediaType/1007</subfield>
		</datafield>
		<datafield tag="338" ind1=" " ind2=" ">
			<subfield code="a">volume</subfield>
			<subfield code="b">vol</subfield>
			<subfield code="2">rdacarrier</subfield>
			<subfield code="0">http://rdaregistry.info/termList/RDACarrierType/1049</subfield>
		</datafield>
		<datafield tag="490" ind1="1" ind2=" ">
			<subfield code="a">Compactos</subfield>
			<subfield code="v">514</subfield>
		</datafield>
		<datafield tag="594" ind1=" " ind2=" ">
			<subfield code="a">Originaltittel: Life, the universe and everything</subfield>
		</datafield>
		<datafield tag="655" ind1=" " ind2="4">
			<subfield code="a">Science-fiction</subfield>
		</datafield>
	</record>