
	<record>
		<leader>01121cam a2200325 4500</leader>
		<controlfield tag="001">a4686365</controlfield>
		<controlfield tag="003">SpMaBN</controlfield>
		<controlfield tag="005">20171215132213.6</controlfield>
		<controlfield tag="008">100219s2009 sp | |||| 000 f glg </controlfield>
		<datafield tag="020" ind1=" " ind2=" ">
			<subfield code="a">9788493757908</subfield>
		</datafield>
		<datafield tag="041" ind1="1" ind2=" ">
			<subfield code="a">glg</subfield>
			<subfield code="h">eng</subfield>
		</datafield>
		<datafield tag="100" ind1="1" ind2=" ">
			<subfield code="a">Adams, Douglas</subfield>
			<subfield code="d">1952-2001 </subfield>
			<subfield code="q">(Douglas Noel)</subfield>
			<subfield code="1">http://viaf.org/viaf/113230702</subfield>
			<subfield code="4">aut</subfield>
			<subfield code="e">Forfatter</subfield>
		</datafield>
		<datafield tag="240" ind1="1" ind2="0">
			<subfield code="a">Hitch-hiker's guide to the galaxy</subfield>
			<subfield code="l">Gallego</subfield>
			<subfield code="1">https://viaf.org/viaf/175419430</subfield>
		</datafield>
		<datafield tag="245" ind1="1" ind2="0">
			<subfield code="a">Guía do autostopista galáctico</subfield>
			<subfield code="h">[Texto impreso]</subfield>
			<subfield code="c">Douglas Adams ; traducción e notas de Ruth Layús Quiroga</subfield>
		</datafield>
		<datafield tag="250" ind1=" " ind2=" ">
			<subfield code="a">1ª ed.</subfield>
		</datafield>
		<datafield tag="260" ind1=" " ind2=" ">
			<subfield code="a">O Milladoiro, Ames [A Coruña]</subfield>
			<subfield code="b">2.0 Editora</subfield>
			<subfield code="c">2009</subfield>
		</datafield>
		<datafield tag="300" ind1=" " ind2=" ">
			<subfield code="a">211 s.</subfield>
			<subfield code="c">21 cm</subfield>
		</datafield>
		<datafield tag="336" ind1=" " ind2=" ">
			<subfield code="a">text</subfield>
			<subfield code="b">txt</subfield>
			<subfield code="2">rdacontent</subfield>
			<subfield code="0">http://rdaregistry.info/termList/RDAContentType/1020</subfield>
		</datafield>
		<datafield tag="337" ind1=" " ind2=" ">
			<subfield code="a">unmediated</subfield>
			<subfield code="b">umd</subfield>
			<subfield code="2">rdamedia</subfield>
			<subfield code="0">http://rdaregistry.info/termList/RDAMediaType/1007</subfield>
		</datafield>
		<datafield tag="338" ind1=" " ind2=" ">
			<subfield code="a">volume</subfield>
			<subfield code="b">vol</subfield>
			<subfield code="2">rdacarrier</subfield>
			<subfield code="0">http://rdaregistry.info/termList/RDACarrierType/1049</subfield>
		</datafield>
		<datafield tag="490" ind1="0" ind2=" ">
			<subfield code="a">Mundos</subfield>
			<subfield code="v">1</subfield>
		</datafield>
		<datafield tag="594" ind1=" " ind2=" ">
			<subfield code="a">Originaltittel: Hitch-hiker's guide to the galaxy</subfield>
		</datafield>
		<datafield tag="655" ind1=" " ind2="4">
			<subfield code="a">Science-fiction</subfield>
		</datafield>
		<datafield tag="740" ind1="4" ind2=" ">
			<subfield code="a">The hitchhiker's guide to the galaxy</subfield>
		</datafield>
	</record>