
	<record>
		<leader>01881nam a2200409 c 4500</leader>
		<controlfield tag="001">a6334317</controlfield>
		<controlfield tag="003">SpMaBN</controlfield>
		<controlfield tag="005">20190227150022.4</controlfield>
		<controlfield tag="008">181016s2018 sp a | |||| 000 j cat </controlfield>
		<datafield tag="020" ind1=" " ind2=" ">
			<subfield code="a">9788434213869</subfield>
		</datafield>
		<datafield tag="041" ind1="1" ind2=" ">
			<subfield code="a">cat</subfield>
			<subfield code="h">spa</subfield>
		</datafield>
		<datafield tag="130" ind1="0" ind2=" ">
			<subfield code="a">Alicia en el país de las maravillas</subfield>
			<subfield code="l">Catalán</subfield>
			<subfield code="1">http://viaf.org/viaf/3329154387340830970000</subfield>
		</datafield>
		<datafield tag="245" ind1="1" ind2="0">
			<subfield code="a">Alicia al país de les meravelles</subfield>
			<subfield code="c">traducció y adaptació de l'original de Lewis Carroll, EBC Serveis
				Editorials ; traducció al català, Ferran Gibert ; il·lustració, Dark Fox (recreació
				de les il·lustracions originals de John Tenniel i Lewis Carroll)</subfield>
		</datafield>
		<datafield tag="250" ind1=" " ind2=" ">
			<subfield code="a">Primera edició</subfield>
		</datafield>
		<datafield tag="264" ind1=" " ind2="1">
			<subfield code="a">[Zaragoza]</subfield>
			<subfield code="b">Parramon Creative Contents</subfield>
			<subfield code="c">[2018]</subfield>
		</datafield>
		<datafield tag="264" ind1=" " ind2="3">
			<subfield code="a">Imprès a la Xina</subfield>
			<subfield code="c">[fecha de impresión no identificada]</subfield>
		</datafield>
		<datafield tag="264" ind1=" " ind2="4">
			<subfield code="c">©2017</subfield>
		</datafield>
		<datafield tag="300" ind1=" " ind2=" ">
			<subfield code="a">94 s.</subfield>
			<subfield code="b">ill. col.</subfield>
			<subfield code="c">23 x 25 cm, en caja (37 x 7 x 24 cm)</subfield>
			<subfield code="e">1 hoja de pegatinas + 1 lámina + 1 gafas 3D para móviles</subfield>
		</datafield>
		<datafield tag="336" ind1=" " ind2=" ">
			<subfield code="a">text</subfield>
			<subfield code="b">txt</subfield>
			<subfield code="2">rdacontent</subfield>
			<subfield code="0">http://rdaregistry.info/termList/RDAContentType/1020</subfield>
		</datafield>
		<datafield tag="337" ind1=" " ind2=" ">
			<subfield code="a">unmediated</subfield>
			<subfield code="b">umd</subfield>
			<subfield code="2">rdamedia</subfield>
			<subfield code="0">http://rdaregistry.info/termList/RDAMediaType/1007</subfield>
		</datafield>
		<datafield tag="338" ind1=" " ind2=" ">
			<subfield code="a">volume</subfield>
			<subfield code="b">vol</subfield>
			<subfield code="2">rdacarrier</subfield>
			<subfield code="0">http://rdaregistry.info/termList/RDACarrierType/1049</subfield>
		</datafield>
		<datafield tag="500" ind1=" " ind2=" ">
			<subfield code="a">Acceso a realidad aumentada y modo de realidad virtual mediante la
				aplicación Alicia AR; con clave de acceso</subfield>
		</datafield>
		<datafield tag="700" ind1="1" ind2=" ">
			<subfield code="a">Fox, David</subfield>
			<subfield code="e">Illustratør</subfield>
			<subfield code="4">ill</subfield>
		</datafield>
		<datafield tag="700" ind1="1" ind2=" ">
			<subfield code="a">Tenniel, John</subfield>
			<subfield code="d">1820-1914</subfield>
			<subfield code="e">Original-idé av</subfield>
			<subfield code="4">ccp</subfield>
			<subfield code="1">http://viaf.org/viaf/44305940</subfield>
		</datafield>
		<datafield tag="700" ind1="1" ind2=" ">
			<subfield code="a">Carroll, Lewis</subfield>
			<subfield code="d">1832-1898</subfield>
			<subfield code="e">Original-idé av</subfield>
			<subfield code="4">ccp</subfield>
			<subfield code="1">http://viaf.org/viaf/66462036</subfield>
		</datafield>
		<datafield tag="700" ind1="1" ind2=" ">
			<subfield code="a">Gibert, Ferran</subfield>
			<subfield code="e">Oversetter</subfield>
			<subfield code="4">trl</subfield>
			<subfield code="1">http://viaf.org/viaf/306349886</subfield>
		</datafield>
		<datafield tag="700" ind1="1" ind2="2">
			<subfield code="i">Basert på</subfield>
			<subfield code="a">Carroll, Lewis</subfield>
			<subfield code="d">1832-1898</subfield>
			<subfield code="t">Alice's adventures in Wonderland</subfield>
			<subfield code="4">http://rdaregistry.info/Elements/w/P10155</subfield>
			<subfield code="1">http://viaf.org/viaf/180646266</subfield>
		</datafield>
		<datafield tag="710" ind1="2" ind2=" ">
			<subfield code="a">EBC Serveis Editorials</subfield>
			<subfield code="e">Forfatter</subfield>
			<subfield code="e">Oversetter</subfield>
			<subfield code="4">aut </subfield>
			<subfield code="4">trl</subfield>
		</datafield>
	</record>