
	<record>
		<leader>01231nam a2200349 c 4500</leader>
		<controlfield tag="001">a6398842</controlfield>
		<controlfield tag="003">SpMaBN</controlfield>
		<controlfield tag="005">20190123140031.4</controlfield>
		<controlfield tag="008">190115s2018 sp a | |||| 000 f spa </controlfield>
		<datafield tag="020" ind1=" " ind2=" ">
			<subfield code="a">9788498018417</subfield>
		</datafield>
		<datafield tag="041" ind1="1" ind2=" ">
			<subfield code="a">spa</subfield>
			<subfield code="h">eng</subfield>
		</datafield>
		<datafield tag="100" ind1="1" ind2=" ">
			<subfield code="a">Carroll, Lewis</subfield>
			<subfield code="d">1832-1898</subfield>
			<subfield code="e">Forfatter</subfield>
			<subfield code="4">aut</subfield>
			<subfield code="1">http://viaf.org/viaf/66462036</subfield>
		</datafield>
		<datafield tag="240" ind1="1" ind2="0">
			<subfield code="a">Through the looking-glass</subfield>
			<subfield code="l">Español</subfield>
			<subfield code="1">http://viaf.org/viaf/178203194</subfield>
		</datafield>
		<datafield tag="245" ind1="1" ind2="0">
			<subfield code="a">Alicia a través del espejo</subfield>
			<subfield code="c">Lewis Carroll ; ilustraciones de Robert Ingspen ; traducción Antøn
				Antøn</subfield>
		</datafield>
		<datafield tag="250" ind1=" " ind2=" ">
			<subfield code="a">Primera edición en lengua española 2015, reimpresión 2018</subfield>
		</datafield>
		<datafield tag="264" ind1=" " ind2="1">
			<subfield code="a">Vallvidrera, Barcelona</subfield>
			<subfield code="b">Blume,</subfield>
			<subfield code="c">2018</subfield>
		</datafield>
		<datafield tag="264" ind1=" " ind2="4">
			<subfield code="c">©2015</subfield>
		</datafield>
		<datafield tag="300" ind1=" " ind2=" ">
			<subfield code="a">192 s.</subfield>
			<subfield code="b">ill col.</subfield>
			<subfield code="c">24 cm</subfield>
		</datafield>
		<datafield tag="336" ind1=" " ind2=" ">
			<subfield code="a">text</subfield>
			<subfield code="b">txt</subfield>
			<subfield code="2">rdacontent</subfield>
			<subfield code="0">http://rdaregistry.info/termList/RDAContentType/1020</subfield>
		</datafield>
		<datafield tag="337" ind1=" " ind2=" ">
			<subfield code="a">unmediated</subfield>
			<subfield code="b">umd</subfield>
			<subfield code="2">rdamedia</subfield>
			<subfield code="0">http://rdaregistry.info/termList/RDAMediaType/1007</subfield>
		</datafield>
		<datafield tag="338" ind1=" " ind2=" ">
			<subfield code="a">volume</subfield>
			<subfield code="b">vol</subfield>
			<subfield code="2">rdacarrier</subfield>
			<subfield code="0">http://rdaregistry.info/termList/RDACarrierType/1049</subfield>
		</datafield>
		<datafield tag="700" ind1="1" ind2=" ">
			<subfield code="a">Ingpen, Robert</subfield>
			<subfield code="d">1936-</subfield>
			<subfield code="e">Illustratør</subfield>
			<subfield code="4">art</subfield>
			<subfield code="1">http://viaf.org/viaf/31997883</subfield>
		</datafield>
		<datafield tag="700" ind1="0" ind2=" ">
			<subfield code="a">Antøn Antøn</subfield>
			<subfield code="e">Oversetter</subfield>
			<subfield code="4">trl</subfield>
		</datafield>
	</record>