
	<record>
		<leader>01176nam a2200349 c 4500</leader>
		<controlfield tag="001">a6092635</controlfield>
		<controlfield tag="003">SpMaBN</controlfield>
		<controlfield tag="005">20180531190245.5</controlfield>
		<controlfield tag="008">180110s2017 sp a | |||| 000 j spa </controlfield>
		<datafield tag="020" ind1=" " ind2=" ">
			<subfield code="a">9788491451211</subfield>
		</datafield>
		<datafield tag="041" ind1="1" ind2=" ">
			<subfield code="a">spa</subfield>
			<subfield code="h">eng</subfield>
		</datafield>
		<datafield tag="100" ind1="1" ind2=" ">
			<subfield code="a">Carroll, Lewis</subfield>
			<subfield code="d">1832-1898</subfield>
			<subfield code="4">aut</subfield>
			<subfield code="1">http://viaf.org/viaf/66462036</subfield>
		</datafield>
		<datafield tag="240" ind1="1" ind2="4">
			<subfield code="a">The nursery Alice</subfield>
			<subfield code="l">Español</subfield>
			<subfield code="1">http://viaf.org/viaf/121145067288766630906</subfield>
		</datafield>
		<datafield tag="245" ind1="1" ind2="0">
			<subfield code="a">Alicia para niños</subfield>
			<subfield code="c">Lewis Carroll ; [ilustraciones, E. Gertrude Thomson ; traducción,
				Juli Peradejordi]</subfield>
		</datafield>
		<datafield tag="250" ind1=" " ind2=" ">
			<subfield code="a">1ª ed.</subfield>
		</datafield>
		<datafield tag="260" ind1=" " ind2=" ">
			<subfield code="a">Barcelona</subfield>
			<subfield code="b">Picarona</subfield>
			<subfield code="c">2017</subfield>
		</datafield>
		<datafield tag="300" ind1=" " ind2=" ">
			<subfield code="a">51 s.</subfield>
			<subfield code="b">ill. col.</subfield>
			<subfield code="c">25 cm</subfield>
		</datafield>
		<datafield tag="336" ind1=" " ind2=" ">
			<subfield code="a">text</subfield>
			<subfield code="b">txt</subfield>
			<subfield code="2">rdacontent</subfield>
			<subfield code="0">http://rdaregistry.info/termList/RDAContentType/1020</subfield>
		</datafield>
		<datafield tag="337" ind1=" " ind2=" ">
			<subfield code="a">unmediated</subfield>
			<subfield code="b">umd</subfield>
			<subfield code="2">rdamedia</subfield>
			<subfield code="0">http://rdaregistry.info/termList/RDAMediaType/1007</subfield>
		</datafield>
		<datafield tag="338" ind1=" " ind2=" ">
			<subfield code="a">volume</subfield>
			<subfield code="b">vol</subfield>
			<subfield code="2">rdacarrier</subfield>
			<subfield code="0">http://rdaregistry.info/termList/RDACarrierType/1049</subfield>
		</datafield>
		<datafield tag="594" ind1=" " ind2=" ">
			<subfield code="a">Originaltittel: The nursery Alice</subfield>
		</datafield>
		<datafield tag="655" ind1=" " ind2="4">
			<subfield code="a">Barnelitteratur</subfield>
		</datafield>
		<datafield tag="700" ind1="1" ind2=" ">
			<subfield code="a">Thomson, E. Gertrude</subfield>
			<subfield code="d">1850-1929</subfield>
			<subfield code="e">Illustratør</subfield>
			<subfield code="4">ill</subfield>
			<subfield code="1">http://viaf.org/viaf/65409822</subfield>
		</datafield>
		<datafield tag="700" ind1="1" ind2=" ">
			<subfield code="a">Peradejordi, Julio</subfield>
			<subfield code="d">1955-</subfield>
			<subfield code="e">Oversetter</subfield>
			<subfield code="4">trl</subfield>
			<subfield code="1">http://viaf.org/viaf/266731209</subfield>
		</datafield>
	</record>