
	<record>
		<leader>03324nam a2200685 c 4500</leader>
		<controlfield tag="001">a6423831</controlfield>
		<controlfield tag="003">SpMaBN</controlfield>
		<controlfield tag="005">20190225171730.2</controlfield>
		<controlfield tag="008">190214s2019 sp a | |||| 000 1 spa </controlfield>
		<datafield tag="020" ind1=" " ind2=" ">
			<subfield code="a">9788417665623</subfield>
		</datafield>
		<datafield tag="041" ind1="1" ind2=" ">
			<subfield code="a">spa</subfield>
			<subfield code="h">eng</subfield>
		</datafield>
		<datafield tag="100" ind1="1" ind2=" ">
			<subfield code="a">Moore, Alan</subfield>
			<subfield code="d">1953-</subfield>
			<subfield code="e">Forfatter</subfield>
			<subfield code="e">Original-idé av</subfield>
			<subfield code="4">aut </subfield>
			<subfield code="4">ccp</subfield>
			<subfield code="1">http://viaf.org/viaf/34481281</subfield>
			<subfield code="4">aut</subfield>
		</datafield>
		<datafield tag="240" ind1="1" ind2="0">
			<subfield code="a">Hellblazer, 30th anniversary celebration</subfield>
			<subfield code="l">Español</subfield>
		</datafield>
		<datafield tag="245" ind1="1" ind2="0">
			<subfield code="a">Hellblazer, especial 30 aniversario</subfield>
			<subfield code="c">guion, Alan Moore, Jamie Delano, Neil Gaiman, Garth Ennis, Paul
				Jenkins, Brian Azzarello, Mike Carey, Andy Diggle ; dibujo, Rick Veitch, Richard
				Piers Rayner, Dave McKean, Will Simpson, Steve Dillon, Sean Phillips, Richard
				Corben, John Paul Leon, Leonardo Manco ; color, Tatiana Wood, Lovern Kindzierski,
				Dave McKean, Danny Vozzo, Tom Ziuko, James Sinclair, Lee Loughridge ; John
				Constantine creado por Alan Moore, Steve Bissette, John Totleben y Jamie Delano con
				John Ridgway ; La Cosa del Pantano crada por Len Wein y Bernie Wrightson ;
				introducción de Sting ; traducción, Guillermo Ruiz Carreras</subfield>
		</datafield>
		<datafield tag="250" ind1=" " ind2=" ">
			<subfield code="a">Febrero 2019</subfield>
		</datafield>
		<datafield tag="264" ind1=" " ind2="1">
			<subfield code="a">Barcelona</subfield>
			<subfield code="b">ECC,</subfield>
			<subfield code="c">[2019]</subfield>
		</datafield>
		<datafield tag="300" ind1=" " ind2=" ">
			<subfield code="a">247 s., 24 unummererte </subfield>
			<subfield code="b">principalmente ilustraciones (blanco y negro y color)</subfield>
			<subfield code="c">24 cm</subfield>
		</datafield>
		<datafield tag="336" ind1=" " ind2=" ">
			<subfield code="a">still image</subfield>
			<subfield code="b">si</subfield>
			<subfield code="2">rdacontent</subfield>
			<subfield code="0">http://rdaregistry.info/termList/RDAContentType/1014</subfield>
		</datafield>
		<datafield tag="337" ind1=" " ind2=" ">
			<subfield code="a">unmediated</subfield>
			<subfield code="b">umd</subfield>
			<subfield code="2">rdamedia</subfield>
			<subfield code="0">http://rdaregistry.info/termList/RDAMediaType/1007</subfield>
		</datafield>
		<datafield tag="338" ind1=" " ind2=" ">
			<subfield code="a">volume</subfield>
			<subfield code="b">vol</subfield>
			<subfield code="2">rdacarrier</subfield>
			<subfield code="0">http://rdaregistry.info/termList/RDACarrierType/1049</subfield>
		</datafield>
		<datafield tag="490" ind1="0" ind2=" ">
			<subfield code="a">John Constantine, Hellblazer</subfield>
		</datafield>
		<datafield tag="500" ind1=" " ind2=" ">
			<subfield code="a">Incluye apéndice documental</subfield>
		</datafield>
		<datafield tag="500" ind1=" " ind2=" ">
			<subfield code="a">Publicado originalmente en The saga of the Swamp Thing, número 37;
				Hellblazer, números, 11, 27, 41, 63, 120, 146, 229, 240</subfield>
		</datafield>
		<datafield tag="500" ind1=" " ind2=" ">
			<subfield code="a">En la cubierta: DC; Vertigo</subfield>
		</datafield>
		<datafield tag="655" ind1=" " ind2="4">
			<subfield code="a">Tegneserier</subfield>
		</datafield>
		<datafield tag="655" ind1=" " ind2="4">
			<subfield code="a">Skrekk</subfield>
		</datafield>
		<datafield tag="700" ind1="1" ind2=" ">
			<subfield code="a">Delano, Jamie</subfield>
			<subfield code="d">1954-</subfield>
			<subfield code="e">Forfatter</subfield>
			<subfield code="e">Original-idé av</subfield>
			<subfield code="4">aut </subfield>
			<subfield code="4">ccp</subfield>
			<subfield code="1">http://viaf.org/viaf/59214548</subfield>
		</datafield>
		<datafield tag="700" ind1="1" ind2=" ">
			<subfield code="a">Gaiman, Neil</subfield>
			<subfield code="d">1960-</subfield>
			<subfield code="e">Forfatter</subfield>
			<subfield code="4">aut</subfield>
			<subfield code="1">http://viaf.org/viaf/103859257</subfield>
		</datafield>
		<datafield tag="700" ind1="1" ind2=" ">
			<subfield code="a">Ennis, Garth</subfield>
			<subfield code="d">1970-</subfield>
			<subfield code="e">Forfatter</subfield>
			<subfield code="4">aut</subfield>
			<subfield code="1">http://viaf.org/viaf/5047537</subfield>
		</datafield>
		<datafield tag="700" ind1="1" ind2=" ">
			<subfield code="a">Jenkins, Paul</subfield>
			<subfield code="d">1965-</subfield>
			<subfield code="e">Forfatter</subfield>
			<subfield code="4">aut</subfield>
			<subfield code="1">http://viaf.org/viaf/5114098</subfield>
		</datafield>
		<datafield tag="700" ind1="1" ind2=" ">
			<subfield code="a">Azzarello, Brian</subfield>
			<subfield code="d">1962-</subfield>
			<subfield code="e">Forfatter</subfield>
			<subfield code="4">aut</subfield>
			<subfield code="1">http://viaf.org/viaf/64168079</subfield>
		</datafield>
		<datafield tag="700" ind1="1" ind2=" ">
			<subfield code="a">Carey, Mike</subfield>
			<subfield code="d">1959-</subfield>
			<subfield code="e">Forfatter</subfield>
			<subfield code="4">aut</subfield>
			<subfield code="1">http://viaf.org/viaf/69239485</subfield>
		</datafield>
		<datafield tag="700" ind1="1" ind2=" ">
			<subfield code="a">Diggle, Andy</subfield>
			<subfield code="d">1971-</subfield>
			<subfield code="e">Forfatter</subfield>
			<subfield code="4">aut</subfield>
			<subfield code="1">http://viaf.org/viaf/74100830</subfield>
		</datafield>
		<datafield tag="700" ind1="1" ind2=" ">
			<subfield code="a">Veitch, Rick</subfield>
			<subfield code="e">Illustratør</subfield>
			<subfield code="4">art</subfield>
			<subfield code="1">http://viaf.org/viaf/60594933</subfield>
		</datafield>
		<datafield tag="700" ind1="1" ind2=" ">
			<subfield code="a">Rayner, Richard</subfield>
			<subfield code="d">1955-</subfield>
			<subfield code="e">Illustratør</subfield>
			<subfield code="4">art</subfield>
			<subfield code="1">http://viaf.org/viaf/29747016</subfield>
		</datafield>
		<datafield tag="700" ind1="1" ind2=" ">
			<subfield code="a">McKean, Dave</subfield>
			<subfield code="d">1963-</subfield>
			<subfield code="e">Illustratør</subfield>
			<subfield code="4">art</subfield>
			<subfield code="1">http://viaf.org/viaf/54183463</subfield>
		</datafield>
		<datafield tag="700" ind1="1" ind2=" ">
			<subfield code="a">Simpson, Will</subfield>
			<subfield code="e">Illustratør</subfield>
			<subfield code="4">art</subfield>
			<subfield code="1">http://viaf.org/viaf/6387728</subfield>
		</datafield>
		<datafield tag="700" ind1="1" ind2=" ">
			<subfield code="a">Dillon, Steve</subfield>
			<subfield code="d">1962-</subfield>
			<subfield code="e">Illustratør</subfield>
			<subfield code="4">art</subfield>
			<subfield code="1">http://viaf.org/viaf/12423182</subfield>
		</datafield>
		<datafield tag="700" ind1="1" ind2=" ">
			<subfield code="a">Phillips, Sean</subfield>
			<subfield code="d">1965-</subfield>
			<subfield code="e">Illustratør</subfield>
			<subfield code="4">art</subfield>
			<subfield code="1">http://viaf.org/viaf/74165078</subfield>
		</datafield>
		<datafield tag="700" ind1="1" ind2=" ">
			<subfield code="a">Corben, Richard</subfield>
			<subfield code="d">1940-</subfield>
			<subfield code="e">Illustratør</subfield>
			<subfield code="4">art</subfield>
			<subfield code="1">http://viaf.org/viaf/39375393</subfield>
		</datafield>
		<datafield tag="700" ind1="1" ind2=" ">
			<subfield code="a">Leon, John Paul</subfield>
			<subfield code="d">1972-</subfield>
			<subfield code="e">Illustratør</subfield>
			<subfield code="4">art</subfield>
			<subfield code="1">http://viaf.org/viaf/32164691</subfield>
		</datafield>
		<datafield tag="700" ind1="1" ind2=" ">
			<subfield code="a">Manco, Leonardo</subfield>
			<subfield code="d">1971-</subfield>
			<subfield code="e">Illustratør</subfield>
			<subfield code="4">art</subfield>
			<subfield code="1">http://viaf.org/viaf/39686574</subfield>
		</datafield>
		<datafield tag="700" ind1="1" ind2=" ">
			<subfield code="a">Bissette, Stephen</subfield>
			<subfield code="d">1955-</subfield>
			<subfield code="e">Original-idé av</subfield>
			<subfield code="4">ccp</subfield>
		</datafield>
		<datafield tag="700" ind1="1" ind2=" ">
			<subfield code="a">Totleben, John</subfield>
			<subfield code="e">Original-idé av</subfield>
			<subfield code="4">ccp</subfield>
		</datafield>
		<datafield tag="700" ind1="1" ind2=" ">
			<subfield code="a">Ridgway, John</subfield>
			<subfield code="e">Original-idé av</subfield>
			<subfield code="4">ccp</subfield>
		</datafield>
		<datafield tag="700" ind1="1" ind2=" ">
			<subfield code="a">Wein, Len</subfield>
			<subfield code="d">1948-2017</subfield>
			<subfield code="e">Original-idé av</subfield>
			<subfield code="4">ccp</subfield>
		</datafield>
		<datafield tag="700" ind1="1" ind2=" ">
			<subfield code="a">Wrightson, Berni</subfield>
			<subfield code="d">1948-2017</subfield>
			<subfield code="e">Original-idé av</subfield>
			<subfield code="4">ccp</subfield>
		</datafield>
		<datafield tag="700" ind1="0" ind2=" ">
			<subfield code="a">Sting</subfield>
			<subfield code="d">1951-</subfield>
			<subfield code="e">prologuista</subfield>
			<subfield code="4">aui</subfield>
			<subfield code="1">http://viaf.org/viaf/77113878</subfield>
		</datafield>
		<datafield tag="700" ind1="1" ind2=" ">
			<subfield code="a">Ruiz Carreras, Guillermo</subfield>
			<subfield code="e">Oversetter</subfield>
			<subfield code="4">trl</subfield>
		</datafield>
	</record>