
	<record>
		<leader>01331nam a2200373 c 4500</leader>
		<controlfield tag="001">a6123492</controlfield>
		<controlfield tag="003">SpMaBN</controlfield>
		<controlfield tag="005">20180529171012.3</controlfield>
		<controlfield tag="008">180302s2017 sp a | |||| 000 j spa </controlfield>
		<datafield tag="020" ind1=" " ind2=" ">
			<subfield code="a">9788494751097</subfield>
		</datafield>
		<datafield tag="041" ind1="1" ind2=" ">
			<subfield code="a">spa</subfield>
			<subfield code="h">eng</subfield>
		</datafield>
		<datafield tag="240" ind1="1" ind2="0">
			<subfield code="a">Shadow show</subfield>
		</datafield>
		<datafield tag="245" ind1="0" ind2="0">
			<subfield code="a">Shadow show</subfield>
			<subfield code="b">cuentos en homenaje a Ray Bradbury</subfield>
			<subfield code="c">editado por Mort Castle y Sam Weller ; Neil Gaiman ... [et
				al.]</subfield>
		</datafield>
		<datafield tag="250" ind1=" " ind2=" ">
			<subfield code="a">1ª ed.</subfield>
		</datafield>
		<datafield tag="260" ind1=" " ind2=" ">
			<subfield code="a">Meliana, Valencia</subfield>
			<subfield code="b">Kelonia</subfield>
			<subfield code="c">2017</subfield>
		</datafield>
		<datafield tag="300" ind1=" " ind2=" ">
			<subfield code="a">460 s.</subfield>
			<subfield code="b">ill.</subfield>
			<subfield code="c">23 cm</subfield>
		</datafield>
		<datafield tag="336" ind1=" " ind2=" ">
			<subfield code="a">text</subfield>
			<subfield code="b">txt</subfield>
			<subfield code="2">rdacontent</subfield>
			<subfield code="0">http://rdaregistry.info/termList/RDAContentType/1020</subfield>
		</datafield>
		<datafield tag="337" ind1=" " ind2=" ">
			<subfield code="a">unmediated</subfield>
			<subfield code="b">umd</subfield>
			<subfield code="2">rdamedia</subfield>
			<subfield code="0">http://rdaregistry.info/termList/RDAMediaType/1007</subfield>
		</datafield>
		<datafield tag="338" ind1=" " ind2=" ">
			<subfield code="a">volume</subfield>
			<subfield code="b">vol</subfield>
			<subfield code="2">rdacarrier</subfield>
			<subfield code="0">http://rdaregistry.info/termList/RDACarrierType/1049</subfield>
		</datafield>
		<datafield tag="600" ind1="1" ind2="7">
			<subfield code="a">Bradbury, Ray</subfield>
			<subfield code="d">1920-2012</subfield>
			<subfield code="1">http://viaf.org/viaf/12305881</subfield>
		</datafield>
		<datafield tag="700" ind1="1" ind2=" ">
			<subfield code="a">Bradbury, Ray</subfield>
			<subfield code="d">1920-2012</subfield>
			<subfield code="e">Honorert</subfield>
			<subfield code="4">hnr</subfield>
			<subfield code="1">http://viaf.org/viaf/12305881</subfield>
		</datafield>
		<datafield tag="700" ind1="1" ind2=" ">
			<subfield code="a">Castle, Mort</subfield>
			<subfield code="e">Forfatter</subfield>
			<subfield code="e">Redaktør</subfield>
			<subfield code="4">aut </subfield>
			<subfield code="4">edt</subfield>
			<subfield code="1">http://viaf.org/viaf/58105775</subfield>
		</datafield>
		<datafield tag="700" ind1="1" ind2=" ">
			<subfield code="a">Weller, Sam</subfield>
			<subfield code="e">Forfatter</subfield>
			<subfield code="e">Redaktør</subfield>
			<subfield code="4">aut </subfield>
			<subfield code="4">edt</subfield>
			<subfield code="1">http://viaf.org/viaf/66012560</subfield>
		</datafield>
		<datafield tag="700" ind1="1" ind2=" ">
			<subfield code="a">Gaiman, Neil</subfield>
			<subfield code="d">1960-</subfield>
			<subfield code="4">aut</subfield>
			<subfield code="e">Forfatter</subfield>
			<subfield code="1">http://viaf.org/viaf/103859257</subfield>
		</datafield>
	</record>