
	<record>
		<leader>04837ngm a2200565 c 4500</leader>
		<controlfield tag="001">a6106390</controlfield>
		<controlfield tag="003">SpMaBN</controlfield>
		<controlfield tag="005">20180208120119.5</controlfield>
		<controlfield tag="007">vd*cvaizk</controlfield>
		<controlfield tag="008">180206s2017 sp 750 g q vlspa </controlfield>
		<datafield tag="028" ind1="4" ind2="0">
			<subfield code="a">F5-SES 7975209</subfield>
			<subfield code="b">Warner Bros.</subfield>
		</datafield>
		<datafield tag="041" ind1="1" ind2=" ">
			<subfield code="a">spa</subfield>
			<subfield code="a">eng</subfield>
			<subfield code="h">eng</subfield>
			<subfield code="j">dan</subfield>
			<subfield code="j">eng</subfield>
			<subfield code="j">fin</subfield>
			<subfield code="j">nor</subfield>
			<subfield code="j">spa</subfield>
			<subfield code="j">swe</subfield>
		</datafield>
		<datafield tag="130" ind1="0" ind2=" ">
			<subfield code="a">Lucifer (Serie de televisión)</subfield>
			<subfield code="l">Español-Inglés</subfield>
			<subfield code="1">http://viaf.org/viaf/5152079049707110187</subfield>
		</datafield>
		<datafield tag="245" ind1="1" ind2="0">
			<subfield code="a">Lucifer.</subfield>
			<subfield code="n">Segunda temporada completa</subfield>
			<subfield code="c">developed by Tom Kapinos</subfield>
		</datafield>
		<datafield tag="260" ind1=" " ind2=" ">
			<subfield code="a">Madrid</subfield>
			<subfield code="b">Warner Bros.</subfield>
			<subfield code="b">distribuida en España por Twentieth Century Fox</subfield>
			<subfield code="c">D.L. 2017</subfield>
		</datafield>
		<datafield tag="300" ind1=" " ind2=" ">
			<subfield code="a">3 DVD-Vídeo (ca. 750 min)</subfield>
			<subfield code="b">son., col.</subfield>
		</datafield>
		<datafield tag="336" ind1=" " ind2=" ">
			<subfield code="a">two-dimensional moving image</subfield>
			<subfield code="b">tdmi</subfield>
			<subfield code="2">rdacontent</subfield>
			<subfield code="0">http://rdaregistry.info/termList/RDAContentType/1023</subfield>
		</datafield>
		<datafield tag="337" ind1=" " ind2=" ">
			<subfield code="a">video</subfield>
			<subfield code="b">v</subfield>
			<subfield code="2">rdamedia</subfield>
			<subfield code="0">http://rdaregistry.info/termList/RDAMediaType/1008</subfield>
		</datafield>
		<datafield tag="338" ind1=" " ind2=" ">
			<subfield code="a">videodisc</subfield>
			<subfield code="b">vd</subfield>
			<subfield code="2">rdacarrier</subfield>
			<subfield code="0">http://rdaregistry.info/termList/RDACarrierType/1060</subfield>
		</datafield>
		<datafield tag="500" ind1=" " ind2=" ">
			<subfield code="a">Basada en los personajes del cómic creado por Neil Gaiman, Sam Keith
				y Mike Dringenberg</subfield>
		</datafield>
		<datafield tag="500" ind1=" " ind2=" ">
			<subfield code="a">Incluye extras</subfield>
		</datafield>
		<datafield tag="505" ind1="0" ind2=" ">
			<subfield code="a">Disco 1. 1. Todo sale a pedir de Lucifer = Everything's coming up
				Lucifer / escrito por Joe Henderson ; dirigido por Nathan Hope. 2. Mentirosa,
				mentirosa, arde como mala cosa = Liar, liar, slutty dress on fire / escrito por Ildy
				Modrovich ; dirigido por Louis Milito. 3. Traga-pecados = Sin-eater /escrito por
				Alex Katsnelson ; dirigido por Mairzee Almas. 4. Partes femeninas = Lady parts /
				escrito por Sheri Elwood ; dirigido por Ben Bray. 5. El machacador = Weaponizer /
				escrito por Jason Ning ; dirigido por Eagle Egilsson. 6. Monstruo = Monster /
				escrito por Chris Rafferty ; dirigido por Eagle Egilsson + Extra: Mesa redonda en la
				Comic-con de 2016 + Escenas eliminadas del ep. 1 - Disco 2. 7. Mi monito = My
				little monkey / escrito por Jenn Kao ; dirigido por Tara Nicole Weyr. 8. Directo al
				barrio de las puñaladas = Trip to stabby town / escrito por Jeffrey Lieber ;
				dirigido por Nathan Hope. 9. Destroza-hogares = Homewrecker / escrito por Mike Costa
				; dirigido por Greg Beeman. 10. Quid pro zorra = Quid pro ho / escrito por Ildry
				Modrovich &amp; Julia Fontana ; dirigido por Nathan Hope. 11. Azafata interruptus =
				Stewardess interruptus / escrito por Sheri Elwood ; dirigido por Greg Beeman. 12. El
				manillar del amor = Love handles / escrito por Alex Katsnelson ; dirigido por Karen
				Gaviola + Extras: Escenas eliminadas del ep. 8 - Disco 3. 13. Un buen día para
				morir = A good day to die / escrito por Joe Handerson &amp; Chris Rafferty ;
				dirigido por Alrick Riley. 14. Candy Morningstar / escrito por Jenn Kao ; dirigido
				por Claudia Yarmy. 15. Microbio mentiroso = Deceptive little parasite / escrito por
				Mike Costa &amp; Julia Fontana ; dirigido por Brad Tanenbaum. 16. Dios Johnson = God
				Johnson / escrito por Jason Ning ; dirigido por Sherwin Shilati. 17. Compasión por
				la diosa = Sympathy for the goddess / escrito por Joe Henderson ; dirigido por Louis
				Milito. 18. Lo bueno, lo malo y lo emocionante = The good, the bad, and the crispy /
				escrito por Ildy Modrovich ; dirigido por Karen Gaviola + Extras: "Reiventando
				a Lucifer", Escenas eliminadas de los episodios 13, 14, 16 y 18</subfield>
		</datafield>
		<datafield tag="511" ind1="1" ind2=" ">
			<subfield code="a">Tom Ellis, Lauren German, Kevin Alejandro</subfield>
		</datafield>
		<datafield tag="518" ind1=" " ind2=" ">
			<subfield code="a">Serie de televisión producida en Estados Unidos desde 2015</subfield>
		</datafield>
		<datafield tag="518" ind1=" " ind2=" ">
			<subfield code="a">Segunda temporada producida entre 2016 y 2017</subfield>
		</datafield>
		<datafield tag="520" ind1="3" ind2=" ">
			<subfield code="a">Lucifer Morningstar, quién ha llegado desde el infierno, y la
				detective del cuerpo de policía de Los Ángteles Chloe Decker regresan para resolver
				los asesinatos de las calles de Los Ángeles, con su relación haciéndose cada vez más
				estrecha, cercana y extraña para ambos</subfield>
		</datafield>
		<datafield tag="521" ind1="1" ind2=" ">
			<subfield code="a">No recomendada para menores de 12 años</subfield>
		</datafield>
		<datafield tag="546" ind1=" " ind2=" ">
			<subfield code="a">Versiones en español e inglés, con subtítulos opcionales en español,
				danés, finlandés, noruego, sueco e inglés codificado para sordos</subfield>
		</datafield>
		<datafield tag="597" ind1=" " ind2=" ">
			<subfield code="a">Formato de película 1.85:1</subfield>
		</datafield>
		<datafield tag="597" ind1=" " ind2=" ">
			<subfield code="a">Formato de pantalla 16:9</subfield>
		</datafield>
		<datafield tag="597" ind1=" " ind2=" ">
			<subfield code="a">Formato de sonido Dolby Digital 2.0 (español) y 5.1
				(inglés)</subfield>
		</datafield>
		<datafield tag="597" ind1=" " ind2=" ">
			<subfield code="a">Formato de doble capa de lectura</subfield>
		</datafield>
		<datafield tag="655" ind1=" " ind2="4">
			<subfield code="a">TV-serier</subfield>
		</datafield>
		<datafield tag="700" ind1="1" ind2=" ">
			<subfield code="a">Kapinos, Tom</subfield>
			<subfield code="e">Original-idé av</subfield>
			<subfield code="4">ccp</subfield>
			<subfield code="1">http://viaf.org/viaf/12637522</subfield>
		</datafield>
		<datafield tag="700" ind1="1" ind2=" ">
			<subfield code="a">Gaiman, Neil</subfield>
			<subfield code="d">1960-</subfield>
			<subfield code="e">Original-idé av</subfield>
			<subfield code="4">ccp</subfield>
			<subfield code="1">http://viaf.org/viaf/103859257</subfield>
		</datafield>
		<datafield tag="700" ind1="1" ind2=" ">
			<subfield code="a">Keith, Sam</subfield>
			<subfield code="d">1963-</subfield>
			<subfield code="e">Original-idé av</subfield>
			<subfield code="4">ccp</subfield>
			<subfield code="1">http://viaf.org/viaf/19734963</subfield>
		</datafield>
		<datafield tag="700" ind1="1" ind2=" ">
			<subfield code="a">Dringenberg, Mike</subfield>
			<subfield code="d">1965-</subfield>
			<subfield code="e">Original-idé av</subfield>
			<subfield code="4">ccp</subfield>
			<subfield code="1">http://viaf.org/viaf/56728463</subfield>
		</datafield>
		<datafield tag="700" ind1="1" ind2=" ">
			<subfield code="a">Henderson, Joe</subfield>
			<subfield code="e">Produsent</subfield>
			<subfield code="4">tld</subfield>
			<subfield code="1">http://viaf.org/viaf/5152079050007110202</subfield>
		</datafield>
		<datafield tag="700" ind1="1" ind2=" ">
			<subfield code="a">Hope, Nathan</subfield>
			<subfield code="e">Manusforfatter</subfield>
			<subfield code="4">aus</subfield>
			<subfield code="1">http://viaf.org/viaf/301565972</subfield>
		</datafield>
	</record>