
	<record>
		<leader>01593nam a22004097c 4500</leader>
		<controlfield tag="001">a6235223</controlfield>
		<controlfield tag="003">SpMaBN</controlfield>
		<controlfield tag="005">20181003191208.4</controlfield>
		<controlfield tag="008">180622s2018 sp a | |||| 001 0 spa </controlfield>
		<datafield tag="020" ind1=" " ind2=" ">
			<subfield code="a">9788416357659</subfield>
		</datafield>
		<datafield tag="041" ind1="1" ind2=" ">
			<subfield code="a">spa</subfield>
			<subfield code="h">eng</subfield>
		</datafield>
		<datafield tag="100" ind1="1" ind2=" ">
			<subfield code="a">Crawford, Jeremy</subfield>
			<subfield code="4">aut</subfield>
			<subfield code="1">http://viaf.org/viaf/90518451</subfield>
			<subfield code="e">Forfatter</subfield>
		</datafield>
		<datafield tag="240" ind1="1" ind2="0">
			<subfield code="a">Dungeons and Dragons</subfield>
			<subfield code="1">http://viaf.org/viaf/300718649</subfield>
		</datafield>
		<datafield tag="245" ind1="1" ind2="0">
			<subfield code="a">Dungeon master's guide =</subfield>
			<subfield code="b">Guía del Dungeon Master</subfield>
			<subfield code="c">[responsables del "Dungeon Master's guide", Jeremy
				Crawford, Christopher Perkins, James Wyatt ; ilustraciones, Rob Alexander ... et al.
				; basado en el juego original obra de E. Gary Gygax ... et al. ; traducción, Rodrigo
				García Carmona, Pablo Fontanilla Arranz]</subfield>
		</datafield>
		<datafield tag="246" ind1="3" ind2="1">
			<subfield code="a">Guía del Dungeon Master</subfield>
		</datafield>
		<datafield tag="260" ind1=" " ind2=" ">
			<subfield code="a">[Sevilla]</subfield>
			<subfield code="b">Edge</subfield>
			<subfield code="c">2018</subfield>
		</datafield>
		<datafield tag="300" ind1=" " ind2=" ">
			<subfield code="a">320 s.</subfield>
			<subfield code="b">ill. noen col.,</subfield>
			<subfield code="c">28 cm</subfield>
		</datafield>
		<datafield tag="336" ind1=" " ind2=" ">
			<subfield code="a">text</subfield>
			<subfield code="b">txt</subfield>
			<subfield code="2">rdacontent</subfield>
			<subfield code="0">http://rdaregistry.info/termList/RDAContentType/1020</subfield>
		</datafield>
		<datafield tag="337" ind1=" " ind2=" ">
			<subfield code="a">unmediated</subfield>
			<subfield code="b">umd</subfield>
			<subfield code="2">rdamedia</subfield>
			<subfield code="0">http://rdaregistry.info/termList/RDAMediaType/1007</subfield>
		</datafield>
		<datafield tag="338" ind1=" " ind2=" ">
			<subfield code="a">volume</subfield>
			<subfield code="b">vol</subfield>
			<subfield code="2">rdacarrier</subfield>
			<subfield code="0">http://rdaregistry.info/termList/RDACarrierType/1049</subfield>
		</datafield>
		<datafield tag="490" ind1="0" ind2=" ">
			<subfield code="a">Dungeons &amp; Dragons</subfield>
		</datafield>
		<datafield tag="500" ind1=" " ind2=" ">
			<subfield code="a">Índice</subfield>
		</datafield>
		<datafield tag="500" ind1=" " ind2=" ">
			<subfield code="a">Sistema de juego D&amp;D 5ª ed.</subfield>
		</datafield>
		<datafield tag="594" ind1=" " ind2=" ">
			<subfield code="a">Originaltittel: Dungeon master's guide</subfield>
		</datafield>
		<datafield tag="596" ind1=" " ind2=" ">
			<subfield code="a">En verso de portada: Gale Force Nine</subfield>
		</datafield>
		<datafield tag="655" ind1=" " ind2="4">
			<subfield code="a">Rollespill</subfield>
		</datafield>
		<datafield tag="655" ind1=" " ind2="4">
			<subfield code="a">Fantasy</subfield>
		</datafield>
		<datafield tag="700" ind1="1" ind2=" ">
			<subfield code="a">Perkins, Christopher</subfield>
			<subfield code="e">Forfatter</subfield>
			<subfield code="4">aut</subfield>
			<subfield code="1">http://viaf.org/viaf/16760449</subfield>
		</datafield>
		<datafield tag="700" ind1="1" ind2=" ">
			<subfield code="a">Wyatt, James</subfield>
			<subfield code="e">Forfatter</subfield>
			<subfield code="4">aut</subfield>
			<subfield code="1">http://viaf.org/viaf/102086798</subfield>
		</datafield>
		<datafield tag="700" ind1="1" ind2=" ">
			<subfield code="a">Alexander, Rob</subfield>
			<subfield code="e">Illustratør</subfield>
			<subfield code="4">ill</subfield>
			<subfield code="1">http://viaf.org/viaf/22448915</subfield>
		</datafield>
		<datafield tag="700" ind1="1" ind2=" ">
			<subfield code="a">Gygax, Gary</subfield>
			<subfield code="d">1938-2008</subfield>
			<subfield code="e">Original-idé av</subfield>
			<subfield code="4">ccp</subfield>
			<subfield code="1">http://viaf.org/viaf/15495536</subfield>
		</datafield>
	</record>