
	<record>
		<leader>01473nam a2200361 b 4500</leader>
		<controlfield tag="001">bimo0001230572</controlfield>
		<controlfield tag="003">SpMaBN</controlfield>
		<controlfield tag="005">20181006004129.7</controlfield>
		<controlfield tag="008">990527s1997 sp | ||| ||spa </controlfield>
		<datafield tag="020" ind1=" " ind2=" ">
			<subfield code="a">8441307431</subfield>
		</datafield>
		<datafield tag="041" ind1="1" ind2=" ">
			<subfield code="a">spa</subfield>
			<subfield code="h">eng</subfield>
		</datafield>
		<datafield tag="100" ind1="1" ind2=" ">
			<subfield code="a">Gygax, Gary</subfield>
			<subfield code="d">1938-2008</subfield>
			<subfield code="1">http://viaf.org/viaf/15495536</subfield>
			<subfield code="4">aut</subfield>
			<subfield code="e">Forfatter</subfield>
		</datafield>
		<datafield tag="240" ind1="1" ind2="0">
			<subfield code="a">Death in Delhi</subfield>
			<subfield code="l">Español</subfield>
			<subfield code="1">http://viaf.org/viaf/309352098</subfield>
		</datafield>
		<datafield tag="245" ind1="1" ind2="0">
			<subfield code="a">Muerte en Delhi</subfield>
			<subfield code="h">[Texto impreso]</subfield>
			<subfield code="c">Gary Gygax ; [traducción, Francisco Rodríguez de Lecea]</subfield>
		</datafield>
		<datafield tag="260" ind1=" " ind2=" ">
			<subfield code="a">Barcelona</subfield>
			<subfield code="b">Folio</subfield>
			<subfield code="b">Timun mas</subfield>
			<subfield code="c">[1997]</subfield>
		</datafield>
		<datafield tag="300" ind1=" " ind2=" ">
			<subfield code="a">232 s.</subfield>
			<subfield code="c">21 cm</subfield>
		</datafield>
		<datafield tag="336" ind1=" " ind2=" ">
			<subfield code="a">text</subfield>
			<subfield code="b">txt</subfield>
			<subfield code="2">rdacontent</subfield>
			<subfield code="0">http://rdaregistry.info/termList/RDAContentType/1020</subfield>
		</datafield>
		<datafield tag="337" ind1=" " ind2=" ">
			<subfield code="a">unmediated</subfield>
			<subfield code="b">umd</subfield>
			<subfield code="2">rdamedia</subfield>
			<subfield code="0">http://rdaregistry.info/termList/RDAMediaType/1007</subfield>
		</datafield>
		<datafield tag="338" ind1=" " ind2=" ">
			<subfield code="a">volume</subfield>
			<subfield code="b">vol</subfield>
			<subfield code="2">rdacarrier</subfield>
			<subfield code="0">http://rdaregistry.info/termList/RDACarrierType/1049</subfield>
		</datafield>
		<datafield tag="440" ind1=" " ind2="0">
			<subfield code="a">Grandes autores de la literatura fantástica</subfield>
			<subfield code="v">v. 72</subfield>
		</datafield>
		<datafield tag="490" ind1="1" ind2=" ">
			<subfield code="a">Mundos misteriosos</subfield>
		</datafield>
		<datafield tag="594" ind1=" " ind2=" ">
			<subfield code="a">Traducción de: Death in Delhi</subfield>
		</datafield>
	</record>