
	<record>
		<leader>01323nam a2200397 c 4500</leader>
		<controlfield tag="001">a6097252</controlfield>
		<controlfield tag="003">SpMaBN</controlfield>
		<controlfield tag="005">20180212170123.2</controlfield>
		<controlfield tag="008">180119s2017 sp 000 f spa </controlfield>
		<datafield tag="020" ind1=" " ind2=" ">
			<subfield code="a">9788490434628</subfield>
		</datafield>
		<datafield tag="041" ind1="1" ind2=" ">
			<subfield code="a">spa</subfield>
			<subfield code="h">eng</subfield>
		</datafield>
		<datafield tag="100" ind1="1" ind2=" ">
			<subfield code="a">Riordan, Rick</subfield>
			<subfield code="d">1964- </subfield>
			<subfield code="q">(Richard Russell)</subfield>
			<subfield code="1">http://viaf.org/viaf/60214017</subfield>
			<subfield code="e">Forfatter</subfield>
			<subfield code="4">aut</subfield>
		</datafield>
		<datafield tag="240" ind1="1" ind2="4">
			<subfield code="a">The hammer of Thor</subfield>
			<subfield code="l">Español</subfield>
			<subfield code="1">http://viaf.org/viaf/3738149619372404010003</subfield>
		</datafield>
		<datafield tag="245" ind1="1" ind2="3">
			<subfield code="a">El martillo de Thor</subfield>
			<subfield code="c">Rick Riordan ; traducción de Ignacio Gómez Calvo</subfield>
		</datafield>
		<datafield tag="250" ind1=" " ind2=" ">
			<subfield code="a">1ª ed.</subfield>
		</datafield>
		<datafield tag="260" ind1=" " ind2=" ">
			<subfield code="a">[Barcelona]</subfield>
			<subfield code="b">Montena</subfield>
			<subfield code="c">2017</subfield>
		</datafield>
		<datafield tag="300" ind1=" " ind2=" ">
			<subfield code="a">474 s.</subfield>
			<subfield code="c">23 cm</subfield>
		</datafield>
		<datafield tag="336" ind1=" " ind2=" ">
			<subfield code="a">text</subfield>
			<subfield code="b">txt</subfield>
			<subfield code="2">rdacontent</subfield>
			<subfield code="0">http://rdaregistry.info/termList/RDAContentType/1020</subfield>
		</datafield>
		<datafield tag="337" ind1=" " ind2=" ">
			<subfield code="a">unmediated</subfield>
			<subfield code="b">umd</subfield>
			<subfield code="2">rdamedia</subfield>
			<subfield code="0">http://rdaregistry.info/termList/RDAMediaType/1007</subfield>
		</datafield>
		<datafield tag="338" ind1=" " ind2=" ">
			<subfield code="a">volume</subfield>
			<subfield code="b">vol</subfield>
			<subfield code="2">rdacarrier</subfield>
			<subfield code="0">http://rdaregistry.info/termList/RDACarrierType/1049</subfield>
		</datafield>
		<datafield tag="490" ind1="1" ind2=" ">
			<subfield code="a">Magnus Chase y los dioses de Asgard</subfield>
			<subfield code="v">2</subfield>
		</datafield>
		<datafield tag="490" ind1="0" ind2=" ">
			<subfield code="a">Serie Infinita</subfield>
		</datafield>
		<datafield tag="594" ind1=" " ind2=" ">
			<subfield code="a">Originaltittel: The hammer of Thor</subfield>
		</datafield>
		<datafield tag="655" ind1=" " ind2="4">
			<subfield code="a">Ungdomslitteratur</subfield>
		</datafield>
		<datafield tag="655" ind1=" " ind2="4">
			<subfield code="a">Barnelitteratur</subfield>
		</datafield>
		<datafield tag="655" ind1=" " ind2="4">
			<subfield code="a">Fantasy</subfield>
		</datafield>
		<datafield tag="653" ind1=" " ind2=" ">
			<subfield code="a">Mytologi, Nordisk</subfield>
		</datafield>
		<datafield tag="700" ind1="1" ind2=" ">
			<subfield code="a">Gómez Calvo, Ignacio</subfield>
			<subfield code="e">Oversetter</subfield>
			<subfield code="4">trl</subfield>
			<subfield code="1">http://viaf.org/viaf/305867565</subfield>
		</datafield>
	</record>