
	<record>
		<leader>01213nam a2200361 c 4500</leader>
		<controlfield tag="001">a5480636</controlfield>
		<controlfield tag="003">SpMaBN</controlfield>
		<controlfield tag="005">20190202004051.7</controlfield>
		<controlfield tag="008">140327s2014 sp | |||| 000 1 cat </controlfield>
		<datafield tag="020" ind1=" " ind2=" ">
			<subfield code="a">9788424651657</subfield>
		</datafield>
		<datafield tag="041" ind1="1" ind2=" ">
			<subfield code="a">cat</subfield>
			<subfield code="h">eng</subfield>
		</datafield>
		<datafield tag="100" ind1="1" ind2=" ">
			<subfield code="a">Riordan, Rick</subfield>
			<subfield code="d">1964- </subfield>
			<subfield code="q">(Richard Russell)</subfield>
			<subfield code="1">http://viaf.org/viaf/60214017</subfield>
			<subfield code="4">aut</subfield>
			<subfield code="e">Forfatter</subfield>
		</datafield>
		<datafield tag="240" ind1="1" ind2="4">
			<subfield code="a">The house of Hades</subfield>
			<subfield code="l">Catalán</subfield>
			<subfield code="1">http://viaf.org/viaf/803144783080859828568</subfield>
		</datafield>
		<datafield tag="245" ind1="1" ind2="3">
			<subfield code="a">La casa d'Hades</subfield>
			<subfield code="c">Rick Riordan ; traducció de Jordi Cussà i Anna Camps</subfield>
		</datafield>
		<datafield tag="250" ind1=" " ind2=" ">
			<subfield code="a">1ª ed.</subfield>
		</datafield>
		<datafield tag="260" ind1=" " ind2=" ">
			<subfield code="a">[Barcelona]</subfield>
			<subfield code="b">Kimera</subfield>
			<subfield code="c">2014</subfield>
		</datafield>
		<datafield tag="300" ind1=" " ind2=" ">
			<subfield code="a">576 s.</subfield>
			<subfield code="c">23 cm</subfield>
		</datafield>
		<datafield tag="336" ind1=" " ind2=" ">
			<subfield code="a">text</subfield>
			<subfield code="b">txt</subfield>
			<subfield code="2">rdacontent</subfield>
			<subfield code="0">http://rdaregistry.info/termList/RDAContentType/1020</subfield>
		</datafield>
		<datafield tag="337" ind1=" " ind2=" ">
			<subfield code="a">unmediated</subfield>
			<subfield code="b">umd</subfield>
			<subfield code="2">rdamedia</subfield>
			<subfield code="0">http://rdaregistry.info/termList/RDAMediaType/1007</subfield>
		</datafield>
		<datafield tag="338" ind1=" " ind2=" ">
			<subfield code="a">volume</subfield>
			<subfield code="b">vol</subfield>
			<subfield code="2">rdacarrier</subfield>
			<subfield code="0">http://rdaregistry.info/termList/RDACarrierType/1049</subfield>
		</datafield>
		<datafield tag="490" ind1="1" ind2=" ">
			<subfield code="a">Els herois de l'Olimp</subfield>
			<subfield code="v">l. 4</subfield>
		</datafield>
		<datafield tag="594" ind1=" " ind2=" ">
			<subfield code="a">Originaltittel: The house of Hades</subfield>
		</datafield>
		<datafield tag="700" ind1="1" ind2=" ">
			<subfield code="a">Cussà, Jordi</subfield>
			<subfield code="d">1961-</subfield>
			<subfield code="e">Oversetter</subfield>
			<subfield code="4">trl</subfield>
			<subfield code="1">http://viaf.org/viaf/29189923</subfield>
		</datafield>
		<datafield tag="700" ind1="1" ind2=" ">
			<subfield code="a">Camps, Anna</subfield>
			<subfield code="q">Camps i Vidal</subfield>
			<subfield code="e">Oversetter</subfield>
			<subfield code="4">trl</subfield>
			<subfield code="1">http://viaf.org/viaf/187081312</subfield>
		</datafield>
	</record>