
	<record>
		<leader>03402ngm a2200601 c 4500</leader>
		<controlfield tag="001">a5388999</controlfield>
		<controlfield tag="003">SpMaBN</controlfield>
		<controlfield tag="005">20161101004110.3</controlfield>
		<controlfield tag="007">vd*cvaigq</controlfield>
		<controlfield tag="008">130823s2012 sp 1199g vlmul </controlfield>
		<datafield tag="028" ind1="4" ind2="0">
			<subfield code="a">4177553 BD</subfield>
			<subfield code="b">Twentieth Century Fox</subfield>
		</datafield>
		<datafield tag="041" ind1="1" ind2=" ">
			<subfield code="a">spa</subfield>
			<subfield code="a">fre</subfield>
			<subfield code="a">ger</subfield>
			<subfield code="a">ita</subfield>
			<subfield code="a">eng</subfield>
			<subfield code="a">cze</subfield>
			<subfield code="a">pol</subfield>
			<subfield code="j">mul</subfield>
			<subfield code="h">eng</subfield>
		</datafield>
		<datafield tag="130" ind1="0" ind2=" ">
			<subfield code="a">Percy Jackson &amp; the Olympians, the lightning thief</subfield>
			<subfield code="l">Políglota</subfield>
			<subfield code="1">http://viaf.org/viaf/221443731</subfield>
		</datafield>
		<datafield tag="245" ind1="1" ind2="0">
			<subfield code="a">Percy Jackson y el ladrón del rayo =</subfield>
			<subfield code="b">Percy Jackson &amp; The Olympians : the lightning thief</subfield>
			<subfield code="c">dirigida por Chris Columbus ; música de Christophe Beck ; director de
				fotografía, Stephen Goldblatt ; producida por Karen Rosenfelt ... [et al.] ; guión
				de Craig Titley</subfield>
		</datafield>
		<datafield tag="260" ind1=" " ind2=" ">
			<subfield code="a">Madrid</subfield>
			<subfield code="b">Twentieth Century Fox</subfield>
			<subfield code="c">D.L. 2012</subfield>
		</datafield>
		<datafield tag="300" ind1=" " ind2=" ">
			<subfield code="a">1 Blu-ray (ca. 119 min)</subfield>
			<subfield code="b">son., col.</subfield>
			<subfield code="e"> 1 DVD</subfield>
		</datafield>
		<datafield tag="300" ind1=" " ind2=" ">
			<subfield code="a">1 DVD-vídeo (ca. 119 min)</subfield>
			<subfield code="b">son., col.</subfield>
		</datafield>
		<datafield tag="336" ind1=" " ind2=" ">
			<subfield code="a">two-dimensional moving image</subfield>
			<subfield code="b">tdmi</subfield>
			<subfield code="2">rdacontent</subfield>
			<subfield code="0">http://rdaregistry.info/termList/RDAContentType/1023</subfield>
		</datafield>
		<datafield tag="337" ind1=" " ind2=" ">
			<subfield code="a">video</subfield>
			<subfield code="b">v</subfield>
			<subfield code="2">rdamedia</subfield>
			<subfield code="0">http://rdaregistry.info/termList/RDAMediaType/1008</subfield>
		</datafield>
		<datafield tag="338" ind1=" " ind2=" ">
			<subfield code="a">videodisc</subfield>
			<subfield code="b">vd</subfield>
			<subfield code="2">rdacarrier</subfield>
			<subfield code="0">http://rdaregistry.info/termList/RDACarrierType/1060</subfield>
		</datafield>
		<datafield tag="500" ind1=" " ind2=" ">
			<subfield code="a">Basada en la novela de Rick Riordan</subfield>
		</datafield>
		<datafield tag="500" ind1=" " ind2=" ">
			<subfield code="a">Incluye los extras siguientes: Escenas eliminadas, El secreto de
				dioses, Descubre tus poderes, Donde los héroes se forman: en el campo Half-Blood, En
				el decorado con Brandon T. Jackson y Conoce a los semidioses</subfield>
		</datafield>
		<datafield tag="505" ind1="0" ind2=" ">
			<subfield code="a">Disco 1. Película en Blu-ray - Disco 2. Película en DVD - Disco 3.
				Copia digital</subfield>
		</datafield>
		<datafield tag="511" ind1="1" ind2=" ">
			<subfield code="a">Logan Lerman, Pierce Brosnan, Uma Thurman</subfield>
		</datafield>
		<datafield tag="518" ind1=" " ind2=" ">
			<subfield code="a">Película de acción realizada en 2010, coproducida por Estados Unidos
				y Canadá</subfield>
		</datafield>
		<datafield tag="520" ind1="3" ind2=" ">
			<subfield code="a">Percy Jackson no es otro adolescente cualquiera... es el hijo de
				Poseidón y es acusado de haber robado el rayo de luz de Zeus. Una tormenta se acerca
				y Percy se embarca en un increíble viaje por todo el país en el que deberá recuperar
				el relámpago para mostrar su inocencia y evitar una guerra entre los dioses que
				podría destruir el mundo</subfield>
		</datafield>
		<datafield tag="521" ind1=" " ind2=" ">
			<subfield code="a">No recomendada para menores de 7 años</subfield>
		</datafield>
		<datafield tag="546" ind1=" " ind2=" ">
			<subfield code="a">Versiones en español, francés, alemán, italiano, inglés, checo y
				polaco, con subtítulos opcionales en español, inglés, francés, alemán, italiano,
				holandés, checo, árabe, cantonés, hebreo, polaco y mandarín</subfield>
		</datafield>
		<datafield tag="597" ind1=" " ind2=" ">
			<subfield code="a">Formato de pantalla 16:9</subfield>
		</datafield>
		<datafield tag="597" ind1=" " ind2=" ">
			<subfield code="a">Formato de película 2.35:1</subfield>
		</datafield>
		<datafield tag="597" ind1=" " ind2=" ">
			<subfield code="a">Formato de sonido Dolby Digital (checo y polaco), DTS-HD (inglés) y
				DTS (resto de idiomas)</subfield>
		</datafield>
		<datafield tag="597" ind1=" " ind2=" ">
			<subfield code="a">Resolución de imagen 1080p</subfield>
		</datafield>
		<datafield tag="655" ind1=" " ind2="4">
			<subfield code="a">Fantasy</subfield>
		</datafield>
		<datafield tag="700" ind1="1" ind2=" ">
			<subfield code="a">Columbus, Chris</subfield>
			<subfield code="d">1958-</subfield>
			<subfield code="e">Regissør</subfield>
			<subfield code="4">drt</subfield>
			<subfield code="1">http://viaf.org/viaf/119396580</subfield>
		</datafield>
		<datafield tag="700" ind1="1" ind2=" ">
			<subfield code="a">Riordan, Rick</subfield>
			<subfield code="d">1964-</subfield>
			<subfield code="t">The lightning thief</subfield>
			<subfield code="1">http://viaf.org/viaf/309352190</subfield>
			<subfield code="i">Basert på</subfield>
			<subfield code="4">http://rdaregistry.info/Elements/w/P10155</subfield>
		</datafield>
		<datafield tag="700" ind1="1" ind2=" ">
			<subfield code="a">Lerman, Logan</subfield>
			<subfield code="d">1992-</subfield>
			<subfield code="1">http://viaf.org/viaf/29848734</subfield>
		</datafield>
		<datafield tag="700" ind1="1" ind2=" ">
			<subfield code="a">Brosnan, Pierce</subfield>
			<subfield code="d">1953-</subfield>
			<subfield code="1">http://viaf.org/viaf/17418220</subfield>
		</datafield>
		<datafield tag="700" ind1="1" ind2=" ">
			<subfield code="a">Thurman, Uma</subfield>
			<subfield code="d">1970-</subfield>
			<subfield code="1">http://viaf.org/viaf/14970417</subfield>
		</datafield>
	</record>