
	<record>
		<leader>01430nam a2200349 c 4500</leader>
		<controlfield tag="001">a5574836</controlfield>
		<controlfield tag="003">SpMaBN</controlfield>
		<controlfield tag="005">20150130141753.6</controlfield>
		<controlfield tag="008">141119s2014 sp a | |||| 000 0 spa </controlfield>
		<datafield tag="020" ind1=" " ind2=" ">
			<subfield code="a">9788415949749</subfield>
		</datafield>
		<datafield tag="240" ind1="1" ind2="0">
			<subfield code="a">De leones y de hombres</subfield>
		</datafield>
		<datafield tag="245" ind1="0" ind2="0">
			<subfield code="a">De leones y de hombres :</subfield>
			<subfield code="b">estudios sobre C. S. Lewis</subfield>
			<subfield code="c">Pablo Gutiérrez Carreras, María Isabel Abradelo de Usera, Ignacio
				Armada Manrique (coordinadores)</subfield>
		</datafield>
		<datafield tag="260" ind1=" " ind2=" ">
			<subfield code="a">Madrid</subfield>
			<subfield code="b">CEU Ediciones</subfield>
			<subfield code="c">D.L. 2014</subfield>
		</datafield>
		<datafield tag="300" ind1=" " ind2=" ">
			<subfield code="a">301 s.</subfield>
			<subfield code="b">ill.</subfield>
			<subfield code="c">21 cm</subfield>
		</datafield>
		<datafield tag="336" ind1=" " ind2=" ">
			<subfield code="a">text</subfield>
			<subfield code="b">txt</subfield>
			<subfield code="2">rdacontent</subfield>
			<subfield code="0">http://rdaregistry.info/termList/RDAContentType/1020</subfield>
		</datafield>
		<datafield tag="337" ind1=" " ind2=" ">
			<subfield code="a">unmediated</subfield>
			<subfield code="b">umd</subfield>
			<subfield code="2">rdamedia</subfield>
			<subfield code="0">http://rdaregistry.info/termList/RDAMediaType/1007</subfield>
		</datafield>
		<datafield tag="338" ind1=" " ind2=" ">
			<subfield code="a">volume</subfield>
			<subfield code="b">vol</subfield>
			<subfield code="2">rdacarrier</subfield>
			<subfield code="0">http://rdaregistry.info/termList/RDACarrierType/1049</subfield>
		</datafield>
		<datafield tag="500" ind1=" " ind2=" ">
			<subfield code="a">"Incluye 6 poemas inéditos de C.S. Lewis"-
				Cubierta</subfield>
		</datafield>
		<datafield tag="500" ind1=" " ind2=" ">
			<subfield code="a">En el lomo: 41</subfield>
		</datafield>
		<datafield tag="504" ind1=" " ind2=" ">
			<subfield code="a">Incluye referencias bibliográficas</subfield>
		</datafield>
		<datafield tag="546" ind1=" " ind2=" ">
			<subfield code="a">Poemas en inglés y traducción al español</subfield>
		</datafield>
		<datafield tag="600" ind1="1" ind2="7">
			<subfield code="a">Lewis, C. S.</subfield>
			<subfield code="d">1898-1963</subfield>
			<subfield code="x">Kritikk og tolkning</subfield>
			<subfield code="2">embne</subfield>
			<subfield code="1">http://viaf.org/viaf/22144877</subfield>
		</datafield>
		<datafield tag="700" ind1="1" ind2=" ">
			<subfield code="a">Gutiérrez Carreras, Pablo</subfield>
			<subfield code="d">1975-</subfield>
			<subfield code="e">Publiseringsdirektør</subfield>
			<subfield code="4">pbd</subfield>
			<subfield code="1">http://viaf.org/viaf/173603448</subfield>
		</datafield>
		<datafield tag="700" ind1="1" ind2=" ">
			<subfield code="a">Abradelo de Usera, María Isabel</subfield>
			<subfield code="e">Publiseringsdirektør</subfield>
			<subfield code="4">pbd</subfield>
			<subfield code="1">http://viaf.org/viaf/254933729</subfield>
		</datafield>
		<datafield tag="700" ind1="1" ind2=" ">
			<subfield code="a">Armada Manrique, Ignacio</subfield>
			<subfield code="e">Publiseringsdirektør</subfield>
			<subfield code="4">pbd</subfield>
			<subfield code="1">http://viaf.org/viaf/86379354</subfield>
		</datafield>
	</record>