
	<record>
		<leader>01008cam a2200301 c 4500</leader>
		<controlfield tag="001">a4985032</controlfield>
		<controlfield tag="003">SpMaBN</controlfield>
		<controlfield tag="005">20110216192625.4</controlfield>
		<controlfield tag="008">110127s2010 sp | |||| 000 i spa </controlfield>
		<datafield tag="020" ind1=" " ind2=" ">
			<subfield code="a">9788499200651</subfield>
		</datafield>
		<datafield tag="041" ind1="1" ind2=" ">
			<subfield code="a">spa</subfield>
			<subfield code="h">eng</subfield>
		</datafield>
		<datafield tag="100" ind1="1" ind2=" ">
			<subfield code="a">Lewis, C. S.</subfield>
			<subfield code="d">1898-1963</subfield>
			<subfield code="q">(Clive Staples)</subfield>
			<subfield code="1">http://viaf.org/viaf/22144877</subfield>
			<subfield code="4">aut</subfield>
			<subfield code="e">Forfatter</subfield>
		</datafield>
		<datafield tag="240" ind1="1" ind2="0">
			<subfield code="a">Letters to children</subfield>
			<subfield code="1">http://viaf.org/viaf/310220529</subfield>
		</datafield>
		<datafield tag="245" ind1="1" ind2="0">
			<subfield code="a">Cartas sobre Narnia</subfield>
			<subfield code="h">[Texto impreso]</subfield>
			<subfield code="c">C.S. Lewis ; [traducción, Carmen González del Yerro]</subfield>
		</datafield>
		<datafield tag="260" ind1=" " ind2=" ">
			<subfield code="a">Madrid</subfield>
			<subfield code="b">Encuentro</subfield>
			<subfield code="c">D.L. 2010</subfield>
		</datafield>
		<datafield tag="300" ind1=" " ind2=" ">
			<subfield code="a">101 s.</subfield>
			<subfield code="c">21 cm</subfield>
		</datafield>
		<datafield tag="336" ind1=" " ind2=" ">
			<subfield code="a">text</subfield>
			<subfield code="b">txt</subfield>
			<subfield code="2">rdacontent</subfield>
			<subfield code="0">http://rdaregistry.info/termList/RDAContentType/1020</subfield>
		</datafield>
		<datafield tag="337" ind1=" " ind2=" ">
			<subfield code="a">unmediated</subfield>
			<subfield code="b">umd</subfield>
			<subfield code="2">rdamedia</subfield>
			<subfield code="0">http://rdaregistry.info/termList/RDAMediaType/1007</subfield>
		</datafield>
		<datafield tag="338" ind1=" " ind2=" ">
			<subfield code="a">volume</subfield>
			<subfield code="b">vol</subfield>
			<subfield code="2">rdacarrier</subfield>
			<subfield code="0">http://rdaregistry.info/termList/RDACarrierType/1049</subfield>
		</datafield>
		<datafield tag="490" ind1="0" ind2=" ">
			<subfield code="a">Literatura</subfield>
			<subfield code="v">77</subfield>
		</datafield>
		<datafield tag="594" ind1=" " ind2=" ">
			<subfield code="a">Originaltittel: Letters to children</subfield>
		</datafield>
		<datafield tag="600" ind1="1" ind2="7">
			<subfield code="a">Lewis, C. S.</subfield>
			<subfield code="d">1898-1963</subfield>
			<subfield code="v">Korrespondanse</subfield>
			<subfield code="2">embne</subfield>
			<subfield code="1">http://viaf.org/viaf/22144877</subfield>
		</datafield>
		<datafield tag="655" ind1=" " ind2="4">
			<subfield code="a">Barnelitteratur</subfield>
		</datafield>
	</record>