
	<record>
		<leader>04560cgm a2200661 i 4500</leader>
		<controlfield tag="001">a4434342</controlfield>
		<controlfield tag="003">SpMaBN</controlfield>
		<controlfield tag="005">20170125165948.4</controlfield>
		<controlfield tag="007">vd*cvaizs</controlfield>
		<controlfield tag="008">090225s2006 sp 367 v|mul |</controlfield>
		<datafield tag="041" ind1="1" ind2=" ">
			<subfield code="a">spa</subfield>
			<subfield code="a">eng</subfield>
			<subfield code="a">ger</subfield>
			<subfield code="a">ita</subfield>
			<subfield code="b">spa</subfield>
			<subfield code="b">cze</subfield>
			<subfield code="b">eng</subfield>
			<subfield code="b">ger</subfield>
			<subfield code="b">hun</subfield>
			<subfield code="b">ita</subfield>
			<subfield code="b">por</subfield>
			<subfield code="b">rus</subfield>
			<subfield code="b">scr</subfield>
			<subfield code="b">scs</subfield>
			<subfield code="b">slo</subfield>
			<subfield code="b">tur</subfield>
			<subfield code="d">eng</subfield>
		</datafield>
		<datafield tag="130" ind1="4" ind2=" ">
			<subfield code="a">The Chronicles of Narnia</subfield>
			<subfield code="l">Políglota</subfield>
			<subfield code="1">https://viaf.org/viaf/306402015</subfield>
		</datafield>
		<datafield tag="245" ind1="1" ind2="4">
			<subfield code="a">Las crónicas de Narnia.</subfield>
			<subfield code="p">El león, la bruja y el armario</subfield>
			<subfield code="h">[Videograbación]</subfield>
			<subfield code="b">= The Chronicles of Narnia. The lion, the witch[Videograbación]nd the
				wardrobe : two discs</subfield>
			<subfield code="c">directed by Andrew Adamson ; screenplay by Ann Peacock ... [et al.] ;
				produced by Philip Steur ; production design by Roger Ford ; original music by Harry
				Gregson-Williams ; director of photography, Donald M. McAlpine ; art direction by
				Jules Cook ... [et al.] ; costume design by Isis Mussenden ; make up department,
				Howard Berger, Tami Lane ; special effects by Josh Cameron ... [et al.]</subfield>
		</datafield>
		<datafield tag="246" ind1="3" ind2="0">
			<subfield code="a">El león, la bruja y el armario</subfield>
		</datafield>
		<datafield tag="250" ind1=" " ind2=" ">
			<subfield code="a">Edición especial = Special edition</subfield>
		</datafield>
		<datafield tag="260" ind1="0" ind2=" ">
			<subfield code="a">[Madrid]</subfield>
			<subfield code="b">Walt Disney Home Entertainment</subfield>
			<subfield code="b">distribuida por Buena Vista Home Entertainment</subfield>
			<subfield code="c">D.L. 2006</subfield>
		</datafield>
		<datafield tag="300" ind1=" " ind2=" ">
			<subfield code="a">2 DVD (ca. 367 min)</subfield>
			<subfield code="b">son., col.</subfield>
		</datafield>
		<datafield tag="336" ind1=" " ind2=" ">
			<subfield code="a">two-dimensional moving image</subfield>
			<subfield code="b">tdmi</subfield>
			<subfield code="2">rdacontent</subfield>
			<subfield code="0">http://rdaregistry.info/termList/RDAContentType/1023</subfield>
		</datafield>
		<datafield tag="337" ind1=" " ind2=" ">
			<subfield code="a">video</subfield>
			<subfield code="b">v</subfield>
			<subfield code="2">rdamedia</subfield>
			<subfield code="0">http://rdaregistry.info/termList/RDAMediaType/1008</subfield>
		</datafield>
		<datafield tag="338" ind1=" " ind2=" ">
			<subfield code="a">videodisc</subfield>
			<subfield code="b">vd</subfield>
			<subfield code="2">rdacarrier</subfield>
			<subfield code="0">http://rdaregistry.info/termList/RDACarrierType/1060</subfield>
		</datafield>
		<datafield tag="500" ind1=" " ind2=" ">
			<subfield code="a">Cine europeo Reino Unido Gran Bretaña</subfield>
		</datafield>
		<datafield tag="500" ind1=" " ind2=" ">
			<subfield code="a">Cine americano USA</subfield>
		</datafield>
		<datafield tag="500" ind1=" " ind2=" ">
			<subfield code="a">Coproducción anglo-americana de aventuras y fantasía realizada en
				2005 con guión basado en el libro "The Chronicles of Narnia : The Lion, the
				Witch and the Wardrobe" de C.S. Lewis</subfield>
		</datafield>
		<datafield tag="505" ind1="1" ind2=" ">
			<subfield code="a">Disco 1. Tomas falsas de Narnia ; Descubre datos curiosos de Narnia ;
				Comentarios en audio del director y los niños ; Comentarios en audio del equipo de
				producción - Disco 2. Creando Narnia ; Criaturas, tierras y leyendas</subfield>
		</datafield>
		<datafield tag="511" ind1="1" ind2=" ">
			<subfield code="a">Georgie Henley, Skandar Keynes, William Moseley, Anna
				Popplewell</subfield>
		</datafield>
		<datafield tag="520" ind1="8" ind2=" ">
			<subfield code="a">Durante la II Guerra Mundial, Peter, Susan, Edmund y Lucy son
				enviados desde Londres a la casa de un excéntrico profesor. Allí se aburren
				soberanamente hasta que un día, Lucy descubre, por casualidad, un armario que
				conduce hasta un mundo mágico llamado Narnia, un mundo gobernado por el sabio y
				benevolente león Aslan y en donde los animales pueden hablar</subfield>
		</datafield>
		<datafield tag="521" ind1="8" ind2=" ">
			<subfield code="a">No recomendada para menores de 7 años</subfield>
		</datafield>
		<datafield tag="546" ind1=" " ind2=" ">
			<subfield code="a">Versiones en español, inglés, italiano y alemán con subtítulos
				opcionales en español, inglés, italiano, alemán e inglés codificado para sordos
				(disco 1) ; versión original en inglés con subtítulos opcionales en español, inglés,
				italiano, alemán, portugués, checo, húngaro, turco, ruso, croata, eslovaco y serbio
				(disco 2)</subfield>
		</datafield>
		<datafield tag="586" ind1=" " ind2=" ">
			<subfield code="a">En el año 2006 obtuvo un Oscar al "Mejor Maquillaje"
				(Howard Berger, Tami Lane", 2 premios Saturn al "Mejor Vestuario"
				(Isis Mussenden) y al "Mejor Maquillaje", 1 premio BAFTA al "Mejor
				Maquillaje" y otros nueve premios más</subfield>
		</datafield>
		<datafield tag="597" ind1=" " ind2=" ">
			<subfield code="a">1 funda, a modo de libro, con información del contenido en su anverso
				y con el escudo en relieve del país de Narnia en el verso de la cub. ; los 2 DVDs en
				un estuche ; 1 folleto institucional de Disney Channel ; 1 desplegable explicativo
				sobre el mundo de Narnia ; 3 tarjetas con fotogramas de la película</subfield>
		</datafield>
		<datafield tag="597" ind1=" " ind2=" ">
			<subfield code="a">Formato de pantalla 16:9</subfield>
		</datafield>
		<datafield tag="597" ind1=" " ind2=" ">
			<subfield code="a">Formato de película 2.35:1</subfield>
		</datafield>
		<datafield tag="655" ind1=" " ind2="4">
			<subfield code="a">Fantasy</subfield>
		</datafield>
		<datafield tag="700" ind1="1" ind2=" ">
			<subfield code="a">Adamson, Andrew</subfield>
			<subfield code="d">1966-</subfield>
			<subfield code="e">Regissør</subfield>
			<subfield code="4">drt</subfield>
			<subfield code="1">http://viaf.org/viaf/23252298</subfield>
		</datafield>
		<datafield tag="700" ind1="1" ind2=" ">
			<subfield code="a">Henley, Georgie</subfield>
			<subfield code="d">1995-</subfield>
			<subfield code="e">Skuespiller</subfield>
			<subfield code="4">act</subfield>
			<subfield code="1">http://viaf.org/viaf/15068026</subfield>
		</datafield>
		<datafield tag="700" ind1="1" ind2=" ">
			<subfield code="a">Keynes, Skandar</subfield>
			<subfield code="d">1991-</subfield>
			<subfield code="e">Skuespiller</subfield>
			<subfield code="4">act</subfield>
			<subfield code="1">http://viaf.org/viaf/54443933</subfield>
		</datafield>
		<datafield tag="700" ind1="1" ind2=" ">
			<subfield code="a">Moseley, William</subfield>
			<subfield code="d">1987-</subfield>
			<subfield code="e">Skuespiller</subfield>
			<subfield code="4">act</subfield>
			<subfield code="1">http://viaf.org/viaf/16973711</subfield>
		</datafield>
		<datafield tag="700" ind1="1" ind2=" ">
			<subfield code="a">Popplewell, Anna</subfield>
			<subfield code="e">Skuespiller</subfield>
			<subfield code="4">act</subfield>
			<subfield code="1">http://viaf.org/viaf/46513583</subfield>
		</datafield>
		<datafield tag="700" ind1="1" ind2=" ">
			<subfield code="a">Lewis, C. S.</subfield>
			<subfield code="d">1898-1963</subfield>
			<subfield code="t">The chronicles of Narnia</subfield>
			<subfield code="1">https://viaf.org/viaf/306402015</subfield>
			<subfield code="i">Basert på</subfield>
			<subfield code="4">http://rdaregistry.info/Elements/w/P10155</subfield>
		</datafield>
		<datafield tag="700" ind1="1" ind2="2">
			<subfield code="a">Lewis, C. S.</subfield>
			<subfield code="d">1898-1963</subfield>
			<subfield code="t">The lion, the witch and the wardrobe</subfield>
			<subfield code="1">http://viaf.org/viaf/178884278</subfield>
			<subfield code="i">Basert på</subfield>
			<subfield code="4">http://rdaregistry.info/Elements/w/P10155</subfield>
		</datafield>
		<datafield tag="740" ind1="4" ind2="2">
			<subfield code="a">The lion, the witch and the wardrobe</subfield>
			<subfield code="l">Políglota</subfield>
			<subfield code="1">http://viaf.org/viaf/178884278</subfield>
		</datafield>
	</record>