
	<record>
		<leader>03992ngm a2200673 c 4500</leader>
		<controlfield tag="001">a6331952</controlfield>
		<controlfield tag="003">SpMaBN</controlfield>
		<controlfield tag="005">20181016093717.3</controlfield>
		<controlfield tag="007">vd*csaizq</controlfield>
		<controlfield tag="008">181010s2017 sp 314 g vlmul </controlfield>
		<datafield tag="028" ind1="4" ind2="0">
			<subfield code="a">F5-BUHD 7401457</subfield>
			<subfield code="b">Warner Bros</subfield>
		</datafield>
		<datafield tag="041" ind1="1" ind2=" ">
			<subfield code="a">spa</subfield>
			<subfield code="a">cat</subfield>
			<subfield code="a">fre</subfield>
			<subfield code="a">ger</subfield>
			<subfield code="a">ita</subfield>
			<subfield code="a">por</subfield>
			<subfield code="j">fre</subfield>
			<subfield code="j">ita</subfield>
			<subfield code="j">ger</subfield>
			<subfield code="j">por</subfield>
			<subfield code="j">spa</subfield>
			<subfield code="h">eng</subfield>
		</datafield>
		<datafield tag="041" ind1="1" ind2=" ">
			<subfield code="a">mul</subfield>
			<subfield code="j">mul</subfield>
		</datafield>
		<datafield tag="130" ind1="0" ind2=" ">
			<subfield code="a">Harry Potter and the goblet of fire</subfield>
			<subfield code="k"> (Película cinematográfica)</subfield>
			<subfield code="l">Políglota</subfield>
			<subfield code="1">http://viaf.org/viaf/227375274</subfield>
		</datafield>
		<datafield tag="245" ind1="1" ind2="0">
			<subfield code="a">Harry Potter y el cáliz de fuego =</subfield>
			<subfield code="b">Harry Potter and the goblet of fire</subfield>
			<subfield code="c">directed by Mike Newell ; produced by David Heyman ; screenplay by
				Steve Kloves ; director of photography, Roger Pratt ; music by Patrick
				Doyle</subfield>
		</datafield>
		<datafield tag="260" ind1=" " ind2=" ">
			<subfield code="a">Madrid</subfield>
			<subfield code="b">distribuida en España por Twentieth Century Fox Home Entertainment
				España</subfield>
			<subfield code="b">Warner Bros</subfield>
			<subfield code="c">D.L. 2017</subfield>
		</datafield>
		<datafield tag="300" ind1=" " ind2=" ">
			<subfield code="a">2 Blu-ray (ca. 157 min cada uno)</subfield>
			<subfield code="b">son., col.</subfield>
		</datafield>
		<datafield tag="336" ind1=" " ind2=" ">
			<subfield code="a">two-dimensional moving image</subfield>
			<subfield code="b">tdmi</subfield>
			<subfield code="2">rdacontent</subfield>
			<subfield code="0">http://rdaregistry.info/termList/RDAContentType/1023</subfield>
		</datafield>
		<datafield tag="337" ind1=" " ind2=" ">
			<subfield code="a">video</subfield>
			<subfield code="b">v</subfield>
			<subfield code="2">rdamedia</subfield>
			<subfield code="0">http://rdaregistry.info/termList/RDAMediaType/1008</subfield>
		</datafield>
		<datafield tag="338" ind1=" " ind2=" ">
			<subfield code="a">videodisc</subfield>
			<subfield code="b">vd</subfield>
			<subfield code="2">rdacarrier</subfield>
			<subfield code="0">http://rdaregistry.info/termList/RDACarrierType/1060</subfield>
		</datafield>
		<datafield tag="490" ind1="0" ind2=" ">
			<subfield code="a">Año 4</subfield>
		</datafield>
		<datafield tag="500" ind1=" " ind2=" ">
			<subfield code="a">Basada en la novela de J. K. Rowling</subfield>
		</datafield>
		<datafield tag="500" ind1=" " ind2=" ">
			<subfield code="a">Incluye contenido extra</subfield>
		</datafield>
		<datafield tag="500" ind1=" " ind2=" ">
			<subfield code="a">Incluye copia digital con código de descarga válido hasta
				31-12-2020</subfield>
		</datafield>
		<datafield tag="505" ind1=" " ind2=" ">
			<subfield code="a">Blu-ray 1. Película en Blu-ray - Blu-ray 2. Película en Blu-ray 4K
				Ultra HD</subfield>
		</datafield>
		<datafield tag="511" ind1="1" ind2=" ">
			<subfield code="a">Daniel Radcliffe, Rupert Grint, Emma Watson</subfield>
		</datafield>
		<datafield tag="518" ind1=" " ind2=" ">
			<subfield code="a">Largometraje producido en Reino Unido en 2005</subfield>
		</datafield>
		<datafield tag="520" ind1="3" ind2=" ">
			<subfield code="a">Harry Potter se ve misteriosamente inscrito en el torneo de los Tres
				Magos, un extenuante concurso entre tres colegios de magia, en el cual se enfrenta a
				un dragón, a demonios marinos y a un laberinto encantado solo para encontrarse a sí
				mismo en las garras de Lord Voldemort. Todo cambiará cuando Harry, Ron y Hermione
				dejen la infancia para siempre y se enfrenten a desafíos más allá de su
				imaginación</subfield>
		</datafield>
		<datafield tag="521" ind1="1" ind2=" ">
			<subfield code="a">No recomendada para menores de 7 años</subfield>
		</datafield>
		<datafield tag="538" ind1=" " ind2=" ">
			<subfield code="a">Resolución de imagen 2160p Ultra Alta Definición (4K Ultra
				HD)</subfield>
		</datafield>
		<datafield tag="538" ind1=" " ind2=" ">
			<subfield code="a">Resolución de imagen 1080p Alta Definición (Blu-ray)</subfield>
		</datafield>
		<datafield tag="538" ind1=" " ind2=" ">
			<subfield code="a">Formato de película 2.4:1</subfield>
		</datafield>
		<datafield tag="538" ind1=" " ind2=" ">
			<subfield code="a">Formato de pantalla 16:9</subfield>
		</datafield>
		<datafield tag="538" ind1=" " ind2=" ">
			<subfield code="a">Formato de sonido DTS-HD Master Audio, 5.1 DTS X, Dolby Digital
				5.1</subfield>
		</datafield>
		<datafield tag="538" ind1=" " ind2=" ">
			<subfield code="a">Requisitos versión 4K Ultra HD: TV 4K UHD con HDR, reproductor
				blu-ray ultra HD, cable HDMI de alta velocidad (categoría 2)</subfield>
		</datafield>
		<datafield tag="546" ind1=" " ind2=" ">
			<subfield code="a">Versiones en inglés, castellano, catalán, francés, portugués,
				italiano, con subtítulos en español, francés, portugués, italiano y alemán (4K Ultra
				HD)</subfield>
		</datafield>
		<datafield tag="546" ind1=" " ind2=" ">
			<subfield code="a">Versiones en español, inglés, danés, holandés, francés, alemán e
				italiano, con subtítulos en castellano, catalán, danés, holandés, inglés, finés,
				francés, alemán, italiano, portugués y noruego (Blu-ray)</subfield>
		</datafield>
		<datafield tag="597" ind1=" " ind2=" ">
			<subfield code="a">Formato de sonido PCM 5.1 (inglés) y Dolby Digital 5.1
				(demás)</subfield>
		</datafield>
		<datafield tag="655" ind1=" " ind2="4">
			<subfield code="a">Fantasy</subfield>
		</datafield>
		<datafield tag="600" ind1=" " ind2="4">
			<subfield code="a">Harry Potter</subfield>
			<subfield code="c">(Fiktiv karakter)</subfield>
		</datafield>
		<datafield tag="700" ind1="1" ind2=" ">
			<subfield code="a">Newell, Mike</subfield>
			<subfield code="d">1942-</subfield>
			<subfield code="e">Regissør</subfield>
			<subfield code="4">fmd</subfield>
			<subfield code="1">http://viaf.org/viaf/84318602</subfield>
		</datafield>
		<datafield tag="700" ind1="1" ind2=" ">
			<subfield code="a">Rowling, J. K.</subfield>
			<subfield code="d">1965-</subfield>
			<subfield code="t">Harry Potter and the goblet of fire</subfield>
            <subfield code="i">Basert på</subfield>
            <subfield code="1">http://viaf.org/viaf/176092820</subfield>
            <subfield code="4">http://rdaregistry.info/Elements/w/P10155</subfield>
		</datafield>
		<datafield tag="700" ind1="1" ind2=" ">
			<subfield code="a">Radcliffe, Daniel</subfield>
			<subfield code="d">1989-</subfield>
			<subfield code="e">Skuespiller</subfield>
			<subfield code="4">act</subfield>
			<subfield code="1">http://viaf.org/viaf/69135529</subfield>
		</datafield>
		<datafield tag="700" ind1="1" ind2=" ">
			<subfield code="a">Grint, Rupert</subfield>
			<subfield code="d">1988-</subfield>
			<subfield code="e">Skuespiller</subfield>
			<subfield code="4">act</subfield>
			<subfield code="1">http://viaf.org/viaf/85081712</subfield>
		</datafield>
		<datafield tag="700" ind1="1" ind2=" ">
			<subfield code="a">Watson, Emma</subfield>
			<subfield code="d">1990-</subfield>
			<subfield code="e">Skuespiller</subfield>
			<subfield code="4">act</subfield>
			<subfield code="1">http://viaf.org/viaf/59289665</subfield>
		</datafield>
	</record>