
	<record>
		<leader>03700cam a22004935 4500</leader>
		<controlfield tag="001">19p7l1bxz5311v3t</controlfield>
		<controlfield tag="003">LIBRIS</controlfield>
		<controlfield tag="005">20190110201734.0</controlfield>
		<controlfield tag="007">cr ||| ||||| </controlfield>
		<controlfield tag="008">190110s1995 xx |||||o|||||000 ||eng|d</controlfield>
		<datafield tag="020" ind1=" " ind2=" ">
			<subfield code="z">0198121628</subfield>
		</datafield>
		<datafield tag="041" ind1=" " ind2=" ">
			<subfield code="a">eng</subfield>
		</datafield>
		<datafield tag="100" ind1="1" ind2=" ">
			<subfield code="a">Barrie, J. M.</subfield>
			<subfield code="d">1860-1937</subfield>
			<subfield code="q">(James Matthew)</subfield>
			<subfield code="1">http://viaf.org/viaf/64001320</subfield>
			<subfield code="4">aut</subfield>
			<subfield code="e">Forfatter</subfield>
		</datafield>
		<datafield tag="240" ind1="1" ind2="0">
			<subfield code="a">Peter Pan</subfield>
			<subfield code="1">http://viaf.org/viaf/313683990</subfield>
		</datafield>		
		<datafield tag="245" ind1="1" ind2="0">
			<subfield code="a">Peter Pan and Other Plays: The Admirable Crichton; Peter Pan; When
				Wendy Grew Up; What Every Woman Knows; Mary Rose</subfield>
			<subfield code="h">[Elektronisk resurs]</subfield>
		</datafield>
		<datafield tag="264" ind1=" " ind2="1">
			<subfield code="a">Oxford</subfield>
			<subfield code="b">Clarendon Press</subfield>
			<subfield code="c">1995</subfield>
		</datafield>
		<datafield tag="336" ind1=" " ind2=" ">
			<subfield code="a">text</subfield>
			<subfield code="b">txt</subfield>
			<subfield code="2">rdacontent</subfield>
			<subfield code="0">http://rdaregistry.info/termList/RDAContentType/1020</subfield>
		</datafield>
		<datafield tag="337" ind1=" " ind2=" ">
			<subfield code="a">computer</subfield>
			<subfield code="b">com</subfield>
			<subfield code="2">rdamedia</subfield>
			<subfield code="0">http://rdaregistry.info/termList/RDAMediaType/1003</subfield>
		</datafield>
		<datafield tag="338" ind1=" " ind2=" ">
			<subfield code="a">online resource</subfield>
			<subfield code="b">or</subfield>
			<subfield code="2">rdacarrier</subfield>
			<subfield code="0">http://rdaregistry.info/termList/RDACarrierType/1018</subfield>
		</datafield>
		<datafield tag="700" ind1="1" ind2=" ">
			<subfield code="a">Hollindale, Peter</subfield>
			<subfield code="1">http://viaf.org/viaf/29647431</subfield>
			<subfield code="e">Redaktør</subfield>
			<subfield code="4">edt</subfield>
			</datafield>
	</record>