
	<record>
		<leader>02568cam a22003613a 4500</leader>
		<controlfield tag="001">cmx2dbxj9sv6lvvh</controlfield>
		<controlfield tag="003">LIBRIS</controlfield>
		<controlfield tag="005">20181220142614.0</controlfield>
		<controlfield tag="007">cr ||| ||||| </controlfield>
		<controlfield tag="008">181220| | ||||jo|||||000 1|swe|d</controlfield>
		<datafield tag="020" ind1=" " ind2=" ">
			<subfield code="a">9789176453865</subfield>
		</datafield>
		<datafield tag="041" ind1=" " ind2=" ">
			<subfield code="a">swe</subfield>
		</datafield>
		<datafield tag="100" ind1="1" ind2=" ">
			<subfield code="a">Barrie, J. M.</subfield>
			<subfield code="d">1860-1937</subfield>
			<subfield code="q">(James Matthew)</subfield>
			<subfield code="1">http://viaf.org/viaf/64001320</subfield>
			<subfield code="4">aut</subfield>
			<subfield code="e">Forfatter</subfield>
		</datafield>
		<datafield tag="240" ind1="1" ind2="0">
			<subfield code="a">Peter Pan</subfield>
			<subfield code="1">http://viaf.org/viaf/313683990</subfield>
		</datafield>
		<datafield tag="245" ind1="1" ind2="0">
			<subfield code="a">Peter Pan</subfield>
			<subfield code="h">[Elektronisk resurs]</subfield>
		</datafield>
		<datafield tag="264" ind1=" " ind2="1">
			<subfield code="b">Modernista</subfield>
		</datafield>
		<datafield tag="336" ind1=" " ind2=" ">
			<subfield code="a">text</subfield>
			<subfield code="b">txt</subfield>
			<subfield code="2">rdacontent</subfield>
			<subfield code="0">http://rdaregistry.info/termList/RDAContentType/1020</subfield>
		</datafield>
		<datafield tag="337" ind1=" " ind2=" ">
			<subfield code="a">computer</subfield>
			<subfield code="b">com</subfield>
			<subfield code="2">rdamedia</subfield>
			<subfield code="0">http://rdaregistry.info/termList/RDAMediaType/1003</subfield>
		</datafield>
		<datafield tag="338" ind1=" " ind2=" ">
			<subfield code="a">online resource</subfield>
			<subfield code="b">or</subfield>
			<subfield code="2">rdacarrier</subfield>
			<subfield code="0">http://rdaregistry.info/termList/RDACarrierType/1018</subfield>
		</datafield>
		<datafield tag="520" ind1=" " ind2=" ">
			<subfield code="a">Alla barn blir vuxna. Utom ett - Peter Pan. Han r̃ en busig och
				ṽentyrlig pojke som kan flyga och hl̄ler till i det magiska Aldriglandet dr̃ han
				umgs̄ med sjj̲ungfrur, pirater och l̃vor. En kvl̃l flyger Peter Pan in genom
				fn̲stret till de tre syskonen Wendy, Michael &amp; John Darlings sovrum i London fr̲
				att leta efter sin borttappade skugga. Det blir startskottet fr̲ ett fantastiskt
				ṽentyr dr̃ Peter Pan och hans nya vñner fr̄ stifta bekantskap med den pyttelilla
				l̃van Tinker Bell, de borttappade pojkarna och, inte minst, den elake superskurken
				kapten Krok. Megaklassikern Peter Pan r̃ en tidls̲ saga om fantasi och eskapism,
				inspirerad av fr̲fattaren J. M. Barries eget liv som adoptivpappa t̄ fem pojkar. Hr̃
				i en ny, pk̄ostad presentutgv̄a med den hyllade illustratr̲en Peter Uchnr̀
				teckningar. J. M. BARRIE [1860-1937] var en skotsk fr̲fattare, mest kñd fr̲ sina
				bc̲ker om Peter Pan. Vid sin bortgn̄g v̲erlt̃ han rt̃tigheterna till Peter
				Pan-bc̲kerna till barnsjukhuset Great Ormond Street Hospital for Children i London,
				nḡot som fortfarande bidrar till en stor del av sjukhusets finansiering. PETER
				UCHNℓR [f. 1970] r̃ en slovakisk konstnr̃ och illustratr̲, flerfaldigt prisbeln̲t
				bd̄e i Slovakien och utomlands. Bland utmr̃kelserna kan nm̃nas The Golden Feather,
				och nomineringarna till det prestigefyllda Hans Christian Andersen-priset 2010 och
				2016. [Elib]</subfield>
		</datafield>
		<datafield tag="655" ind1=" " ind2="4">
			<subfield code="a">Barnelitteratur</subfield>
		</datafield>
		<datafield tag="655" ind1=" " ind2="4">
			<subfield code="a">Fantasy</subfield>
		</datafield>
		<datafield tag="700" ind1="1" ind2=" ">
			<subfield code="a">Uchner, Peter</subfield>
			<subfield code="e">Illustratør</subfield>
			<subfield code="4">ill.</subfield>
		</datafield>
	</record>