
	<record>
		<leader>02302cam a22005535a 4500</leader>
		<controlfield tag="001">08fx07b4x6rwfcmq</controlfield>
		<controlfield tag="003">LIBRIS</controlfield>
		<controlfield tag="005">20181110090114.0</controlfield>
		<controlfield tag="006">a||||j||||||000 1|</controlfield>
		<controlfield tag="006">i| ||j|||||||f| | </controlfield>
		<controlfield tag="007">t| </controlfield>
		<controlfield tag="008">181110s2018 sw ||||j||||||000 ||swe|c</controlfield>
		<datafield tag="020" ind1=" " ind2=" ">
			<subfield code="a">9789175436876</subfield>
		</datafield>
		<datafield tag="041" ind1="1" ind2=" ">
			<subfield code="a">swe</subfield>
			<subfield code="h">ger</subfield>
		</datafield>
		<datafield tag="082" ind1="0" ind2="4">
			<subfield code="a">839.78</subfield>
		</datafield>
		<datafield tag="100" ind1="1" ind2=" ">
			<subfield code="a">Barrie, J. M.</subfield>
			<subfield code="d">1860-1937</subfield>
			<subfield code="q">(James Matthew)</subfield>
			<subfield code="1">http://viaf.org/viaf/64001320</subfield>
			<subfield code="4">aut</subfield>
			<subfield code="e">Forfatter</subfield>
		</datafield>
		<datafield tag="240" ind1="1" ind2="0">
			<subfield code="a">Peter Pan</subfield>
			<subfield code="l">Svenska</subfield>
			<subfield code="1">http://viaf.org/viaf/313683990</subfield>
		</datafield>
		<datafield tag="245" ind1="1" ind2="0">
			<subfield code="a">Peter Pan</subfield>
			<subfield code="c">James Matthew Barrie ; t̄erbert̃tad av Wolfgang Knape ; illustrerad
				av Christiane Hansen ; v̲ersatt av Marie Helleday Ekwurtzel.</subfield>
		</datafield>
		<datafield tag="264" ind1=" " ind2="1">
			<subfield code="3">Textbok</subfield>
			<subfield code="a">Helsingborg</subfield>
			<subfield code="b">Hegas</subfield>
			<subfield code="c">2018</subfield>
		</datafield>
		<datafield tag="264" ind1=" " ind2="1">
			<subfield code="3">MP3-CD</subfield>
			<subfield code="a">[Stockholm]</subfield>
			<subfield code="c">[2018]</subfield>
		</datafield>
		<datafield tag="300" ind1=" " ind2=" ">
			<subfield code="a">1 textbok (71 s., ill.) +1 MP3-CD (43min.)</subfield>
		</datafield>
		<datafield tag="336" ind1=" " ind2=" ">
			<subfield code="a">text</subfield>
			<subfield code="b">txt</subfield>
			<subfield code="2">rdacontent</subfield>
			<subfield code="0">http://rdaregistry.info/termList/RDAContentType/1020</subfield>
		</datafield>
		<datafield tag="337" ind1=" " ind2=" ">
			<subfield code="a">unmediated</subfield>
			<subfield code="b">umd</subfield>
			<subfield code="2">rdamedia</subfield>
			<subfield code="0">http://rdaregistry.info/termList/RDAMediaType/1007</subfield>
		</datafield>
		<datafield tag="338" ind1=" " ind2=" ">
			<subfield code="a">volume</subfield>
			<subfield code="b">vol</subfield>
			<subfield code="2">rdacarrier</subfield>
			<subfield code="0">http://rdaregistry.info/termList/RDACarrierType/1049</subfield>
		</datafield>
		<datafield tag="336" ind1=" " ind2=" ">
			<subfield code="a">spoken word</subfield>
			<subfield code="b">spw</subfield>
			<subfield code="2">rdacontent</subfield>
			<subfield code="0">http://rdaregistry.info/termList/RDAContentType/1013</subfield>
		</datafield>
		<datafield tag="337" ind1=" " ind2=" ">
			<subfield code="a">audio</subfield>
			<subfield code="b">a</subfield>
			<subfield code="2">rdamedia</subfield>
			<subfield code="0">http://rdaregistry.info/termList/RDAMediaType/1001</subfield>
		</datafield>
		<datafield tag="338" ind1=" " ind2=" ">
			<subfield code="a">audio disc</subfield>
			<subfield code="b">ad</subfield>
			<subfield code="2">rdacarrier</subfield>
			<subfield code="0">http://rdaregistry.info/termList/RDACarrierType/1004</subfield>
		</datafield>
		<datafield tag="490" ind1="0" ind2=" ">
			<subfield code="a">Våra klassiker</subfield>
		</datafield>
		<datafield tag="500" ind1=" " ind2=" ">
			<subfield code="a">Ljudupptagningen i MP3-format resp. DAISY 2.02</subfield>
		</datafield>
		<datafield tag="500" ind1=" " ind2=" ">
			<subfield code="a">Textboken ṽen utgiven separat med ISBN: 9789175436869</subfield>
		</datafield>
		<datafield tag="500" ind1=" " ind2=" ">
			<subfield code="a">Lix 23, Hegas-niv ̄4</subfield>
		</datafield>
		<datafield tag="655" ind1=" " ind2="7">
			<subfield code="a">Barnelitteratur</subfield>
		</datafield>
		<datafield tag="655" ind1=" " ind2="4">
			<subfield tag="a">Fantasy</subfield>
		</datafield>
		<datafield tag="700" ind1="1" ind2=" ">
			<subfield code="a">Knape, Wolfgang</subfield>
			<subfield code="4">edt</subfield>
			<subfield code="e">Redaktør</subfield>
			<subfield code="1">http://viaf.org/viaf/67570234</subfield>
		</datafield>
		<datafield tag="700" ind1="1" ind2=" ">
			<subfield code="a">Helleday Ekwurtzel, Marie</subfield>
			<subfield code="d">1962-</subfield>
			<subfield code="4">trl</subfield>
			<subfield code="e">Oversetter</subfield>
			<subfield code="1">http://viaf.org/viaf/54124453</subfield>
		</datafield>
		<datafield tag="700" ind1="1" ind2=" ">
			<subfield code="a">Hansen, Christiane</subfield>
			<subfield code="4">ill</subfield>
			<subfield code="e">Illustratør</subfield>
			<subfield code="1">http://viaf.org/viaf/33103714</subfield>
		</datafield>
		<datafield tag="787" ind1="0" ind2=" ">
			<subfield code="t">Peter Pan</subfield>
			<subfield code="z">9789175436869</subfield>
		</datafield>
	</record>