
	<record>
		<leader>01139nam a2200301 i 4500</leader>
		<controlfield tag="001">nx20428jl9f7s10k</controlfield>
		<controlfield tag="003">LIBRIS</controlfield>
		<controlfield tag="005">20181105104236.0</controlfield>
		<controlfield tag="008">181105s2014 sw |||||||||||000 ||swe|c</controlfield>
		<datafield tag="041" ind1=" " ind2=" ">
			<subfield code="a">swe</subfield>
		</datafield>
		<datafield tag="082" ind1="0" ind2="4">
			<subfield code="a">839.72</subfield>
		</datafield>
		<datafield tag="100" ind1="1" ind2=" ">
			<subfield code="a">Karlström̲, Jonas</subfield>
			<subfield code="4">aut</subfield>
			<subfield code="1">http://viaf.org/viaf/27375069</subfield>
			<subfield code="e">Forfatter</subfield>
		</datafield>
		<datafield tag="240" ind1="1" ind2="0">
			<subfield code="a">Peter Pan - Wendys resa</subfield>
			<subfield code="l">Svenska</subfield>
			<subfield code="1">https://viaf.org/viaf/33333833/</subfield>
		</datafield>
		<datafield tag="245" ind1="1" ind2="0">
			<subfield code="a">Peter Pan</subfield>
			<subfield code="b">Wendys resa</subfield>
			<subfield code="c">av Jonas Karlström ; fritt efter J.M. Barries bok: Peter Pan och
				Wendy.</subfield>
		</datafield>
		<datafield tag="264" ind1=" " ind2="1">
			<subfield code="a">Vx̃j ̲:</subfield>
			<subfield code="b">Regionteatern Blekinge Kronoberg,</subfield>
			<subfield code="c">2014</subfield>
		</datafield>
		<datafield tag="300" ind1=" " ind2=" ">
			<subfield code="a">86 blad</subfield>
		</datafield>
		<datafield tag="336" ind1=" " ind2=" ">
			<subfield code="a">text</subfield>
			<subfield code="b">txt</subfield>
			<subfield code="2">rdacontent</subfield>
			<subfield code="0">http://rdaregistry.info/termList/RDAContentType/1020</subfield>
		</datafield>
		<datafield tag="337" ind1=" " ind2=" ">
			<subfield code="a">unmediated</subfield>
			<subfield code="b">umd</subfield>
			<subfield code="2">rdamedia</subfield>
			<subfield code="0">http://rdaregistry.info/termList/RDAMediaType/1007</subfield>
		</datafield>
		<datafield tag="338" ind1=" " ind2=" ">
			<subfield code="a">volume</subfield>
			<subfield code="b">vol</subfield>
			<subfield code="2">rdacarrier</subfield>
			<subfield code="0">http://rdaregistry.info/termList/RDACarrierType/1049</subfield>
		</datafield>
		<datafield tag="500" ind1=" " ind2=" ">
			<subfield code="a">"Tillg̃nat Sara Henriz, vr̄ galjonsfigur"</subfield>
		</datafield>
		<datafield tag="655" ind1=" " ind2="7">
			<subfield code="a">Drama</subfield>
		</datafield>
		<datafield tag="700" ind1="1" ind2=" ">
			<subfield code="a">Barrie, J. M.</subfield>
			<subfield code="d">1860-1937</subfield>
			<subfield code="t">Peter and Wendy</subfield>
			<subfield code="i">Basert på</subfield>
			<subfield code="4">http://rdaregistry.info/Elements/w/P10155</subfield>
			<subfield code="1">http://viaf.org/viaf/313683990</subfield>
		</datafield>
	</record>