
	<record>
		<leader>02433cmm a22005777a 4500</leader>
		<controlfield tag="001">ktcjv0rlh3736rfz</controlfield>
		<controlfield tag="003">LIBRIS</controlfield>
		<controlfield tag="005">20190211132022.0</controlfield>
		<controlfield tag="006">a|||||||||||000 ||</controlfield>
		<controlfield tag="006">i| |||||||||||| | </controlfield>
		<controlfield tag="007">co ||| ||||| </controlfield>
		<controlfield tag="008">190211s2019 sw || eq m | swe|c</controlfield>
		<datafield tag="041" ind1="1" ind2=" ">
			<subfield code="a">swe</subfield>
			<subfield code="h">eng</subfield>
		</datafield>
		<datafield tag="082" ind1="0" ind2="4">
			<subfield code="a">839.78</subfield>
		</datafield>
		<datafield tag="100" ind1="1" ind2=" ">
			<subfield code="a">Martin, George R. R.</subfield>
			<subfield code="d">1948- </subfield>
			<subfield code="q">(George Raymond Richard)</subfield>
			<subfield code="1">http://viaf.org/viaf/98636170</subfield>
			<subfield code="4">aut</subfield>
			<subfield code="e">Forfatter</subfield>
		</datafield>
		<datafield tag="240" ind1="1" ind2="0">
			<subfield code="a">Fire and blood</subfield>
		</datafield>
		<datafield tag="245" ind1="1" ind2="0">
			<subfield code="a">Eld &amp; blod</subfield>
			<subfield code="h">[Elektronisk resurs]</subfield>
			<subfield code="b">historien om huset Targaryen /</subfield>
			<subfield code="c">George R. R. Martin ; [illustrationer: Doug Wheatley ; v̲erst̃tning:
				Ylva Spn̄gberg].</subfield>
		</datafield>
		<datafield tag="249" ind1=" " ind2="0">
			<subfield code="a">Fire &amp; blood</subfield>
		</datafield>
		<datafield tag="256" ind1=" " ind2=" ">
			<subfield code="a">Text och ljud</subfield>
		</datafield>
		<datafield tag="264" ind1=" " ind2="1">
			<subfield code="c">2019</subfield>
		</datafield>
		<datafield tag="264" ind1=" " ind2="1">
			<subfield code="a">Johanneshov</subfield>
			<subfield code="b">MTM</subfield>
			<subfield code="c">2018</subfield>
		</datafield>
		<datafield tag="300" ind1=" " ind2=" ">
			<subfield code="a">D. 1: 1 CD-R (15 tim., 23 min.); 393 s. : ill.</subfield>
		</datafield>
		<datafield tag="347" ind1=" " ind2=" ">
			<subfield code="a">Text och ljud</subfield>
		</datafield>
		<datafield tag="336" ind1=" " ind2=" ">
			<subfield code="a">text</subfield>
			<subfield code="b">txt</subfield>
			<subfield code="2">rdacontent</subfield>
			<subfield code="0">http://rdaregistry.info/termList/RDAContentType/1020</subfield>
		</datafield>
		<datafield tag="337" ind1=" " ind2=" ">
			<subfield code="a">computer</subfield>
			<subfield code="b">com</subfield>
			<subfield code="2">rdamedia</subfield>
			<subfield code="0">http://rdaregistry.info/termList/RDAMediaType/1003</subfield>
		</datafield>
		<datafield tag="337" ind1=" " ind2=" ">
			<subfield code="a">audio</subfield>
			<subfield code="b">a</subfield>
			<subfield code="2">rdamedia</subfield>
			<subfield code="0">http://rdaregistry.info/termList/RDAMediaType/1001</subfield>
		</datafield>
		<datafield tag="338" ind1=" " ind2=" ">
			<subfield code="a">online resource</subfield>
			<subfield code="b">or</subfield>
			<subfield code="2">rdacarrier</subfield>
			<subfield code="0">http://rdaregistry.info/termList/RDACarrierType/1018</subfield>
		</datafield>
		<datafield tag="500" ind1=" " ind2=" ">
			<subfield code="a">Digital talbok (DAISY 2.02), text och ljud</subfield>
		</datafield>
		<datafield tag="500" ind1=" " ind2=" ">
			<subfield code="a">Inls̃t ur: Stockholm : Bookmark, 2018. ISBN
				978-91-88745-82-8</subfield>
		</datafield>
		<datafield tag="500" ind1=" " ind2=" ">
			<subfield code="a">D. 1: 1 CD-R (15 tim., 23 min.); 393 s. : ill</subfield>
		</datafield>
		<datafield tag="506" ind1="1" ind2=" ">
			<subfield code="a">Tillgñglig fr̲ personer med ls̃nedst̃tning enligt ʹ 17
				Upphovsrt̃tslagen</subfield>
			<subfield code="u">http://www.mtm.se/om-oss/uppdrag-och-lagar/upphovsrattslagen/</subfield>
		</datafield>
		<datafield tag="538" ind1=" " ind2=" ">
			<subfield code="a">Filstorlek: 322 MB.</subfield>
		</datafield>
		<datafield tag="655" ind1=" " ind2="4">
			<subfield code="a">Fantasy</subfield>
		</datafield>
		<datafield tag="700" ind1="1" ind2=" ">
			<subfield code="a">Spångberg, Ylva</subfield>
			<subfield code="4">trl</subfield>
			<subfield code="e">Oversetter</subfield>
			<subfield code="1">http://viaf.org/viaf/273079648</subfield>
		</datafield>
		<datafield tag="740" ind1="0" ind2=" ">
			<subfield code="a">Eld och blod.</subfield>
		</datafield>
	</record>