
	<record>
		<leader>01110cam a22003138i 4500</leader>
		<controlfield tag="001">s2k1zkc0q4mhtqxl</controlfield>
		<controlfield tag="003">LIBRIS</controlfield>
		<controlfield tag="005">20190206080032.0</controlfield>
		<controlfield tag="008">190205s2019 sw |||||||||||000 1|swe|d</controlfield>
		<datafield tag="020" ind1=" " ind2=" ">
			<subfield code="a">9789137154497</subfield>
		</datafield>
		<datafield tag="041" ind1=" " ind2=" ">
			<subfield code="a">swe</subfield>
		</datafield>
		<datafield tag="100" ind1="1" ind2=" ">
			<subfield code="a">Martin, George R. R.</subfield>
			<subfield code="d">1948- </subfield>
			<subfield code="q">(George Raymond Richard)</subfield>
			<subfield code="1">http://viaf.org/viaf/98636170</subfield>
			<subfield code="4">aut</subfield>
			<subfield code="e">Forfatter</subfield>
		</datafield>
		<datafield tag="240" ind1="1" ind2="0">
			<subfield code="a">A Dance With Dragons</subfield>
			<subfield code="1">http://viaf.org/viaf/308052782</subfield>
		</datafield>
		<datafield tag="245" ind1="1" ind2="0">
			<subfield code="a">Game of thrones - Drakarnas dans</subfield>
		</datafield>
		<datafield tag="264" ind1=" " ind2="1">
			<subfield code="b">Bokfr̲laget Forum</subfield>
			<subfield code="c">2019</subfield>
		</datafield>
		<datafield tag="300" ind1=" " ind2=" ">
			<subfield code="a">1120 s.</subfield>
		</datafield>
		<datafield tag="336" ind1=" " ind2=" ">
			<subfield code="a">text</subfield>
			<subfield code="b">txt</subfield>
			<subfield code="2">rdacontent</subfield>
			<subfield code="0">http://rdaregistry.info/termList/RDAContentType/1020</subfield>
		</datafield>
		<datafield tag="337" ind1=" " ind2=" ">
			<subfield code="a">unmediated</subfield>
			<subfield code="b">umd</subfield>
			<subfield code="2">rdamedia</subfield>
			<subfield code="0">http://rdaregistry.info/termList/RDAMediaType/1007</subfield>
		</datafield>
		<datafield tag="338" ind1=" " ind2=" ">
			<subfield code="a">volume</subfield>
			<subfield code="b">vol</subfield>
			<subfield code="2">rdacarrier</subfield>
			<subfield code="0">http://rdaregistry.info/termList/RDACarrierType/1049</subfield>
		</datafield>
		<datafield tag="490" ind1="0" ind2=" ">
			<subfield code="a">Sagan om is och eld</subfield>
		</datafield>
		<datafield tag="655" ind1=" " ind2="4">
			<subfield tag="a">Fantasy</subfield>
		</datafield>
		<datafield tag="700" ind1="1" ind2=" ">
			<subfield code="a">Thulin, Louise</subfield>
			<subfield code="4">trl</subfield>
			<subfield code="e">Oversetter</subfield>
			<subfield code="1">http://viaf.org/viaf/255648133</subfield>
		</datafield>
		<datafield tag="700" ind1="1" ind2=" ">
			<subfield code="a">Spångberg, Ylva</subfield>
			<subfield code="4">trl</subfield>
			<subfield code="e">Oversetter</subfield>
			<subfield code="1">http://viaf.org/viaf/273079648</subfield>
		</datafield>
	</record>