
	<record>
		<leader>04941cam a22010577a 4500</leader>
		<controlfield tag="001">4dvsfv562jl87xt2</controlfield>
		<controlfield tag="003">LIBRIS</controlfield>
		<controlfield tag="005">20190131141002.0</controlfield>
		<controlfield tag="008">190131r20132012enk|||||||||||000 f|eng|d</controlfield>
		<datafield tag="020" ind1=" " ind2=" ">
			<subfield code="a">9780575129559</subfield>
		</datafield>
		<datafield tag="041" ind1=" " ind2=" ">
			<subfield code="a">eng</subfield>
		</datafield>
		<datafield tag="082" ind1="0" ind2="4">
			<subfield code="a">813.6</subfield>
		</datafield>
		<datafield tag="100" ind1="1" ind2=" ">
			<subfield code="a">Martin, George R. R.</subfield>
			<subfield code="d">1948- </subfield>
			<subfield code="q">(George Raymond Richard)</subfield>
			<subfield code="1">http://viaf.org/viaf/98636170</subfield>
			<subfield code="4">aut</subfield>
			<subfield code="e">Forfatter</subfield>
		</datafield>
		<datafield tag="240" ind1="1" ind2="0">
			<subfield code="a">The Armageddon rag</subfield>
		</datafield>		
		<datafield tag="245" ind1="1" ind2="4">
			<subfield code="a">The Armageddon rag</subfield>
			<subfield code="c">George R.R. Martin.</subfield>
		</datafield>
		<datafield tag="264" ind1=" " ind2="1">
			<subfield code="a">London</subfield>
			<subfield code="b">Gollancz</subfield>
			<subfield code="c">2013</subfield>
		</datafield>
		<datafield tag="300" ind1=" " ind2=" ">
			<subfield code="a">369 s.</subfield>
		</datafield>
		<datafield tag="336" ind1=" " ind2=" ">
			<subfield code="a">text</subfield>
			<subfield code="b">txt</subfield>
			<subfield code="2">rdacontent</subfield>
			<subfield code="0">http://rdaregistry.info/termList/RDAContentType/1020</subfield>
		</datafield>
		<datafield tag="337" ind1=" " ind2=" ">
			<subfield code="a">unmediated</subfield>
			<subfield code="b">umd</subfield>
			<subfield code="2">rdamedia</subfield>
			<subfield code="0">http://rdaregistry.info/termList/RDAMediaType/1007</subfield>
		</datafield>
		<datafield tag="338" ind1=" " ind2=" ">
			<subfield code="a">volume</subfield>
			<subfield code="b">vol</subfield>
			<subfield code="2">rdacarrier</subfield>
			<subfield code="0">http://rdaregistry.info/termList/RDACarrierType/1049</subfield>
		</datafield>
		<datafield tag="500" ind1=" " ind2=" ">
			<subfield code="a">Originally published: New York: Poseidon, 1983; London: Gollancz,
				2012.</subfield>
		</datafield>
		<datafield tag="504" ind1=" " ind2=" ">
			<subfield code="a">Includes bibliographical references.</subfield>
		</datafield>
		<datafield tag="520" ind1=" " ind2=" ">
			<subfield code="a">One-time underground journalist Sandy Blair has come a long way from
				his radical roots in the '60s-until something unexpectedly draws him back: the
				bizarre and brutal murder of a rock promoter who made millions with the '60s band
				the Nazgul. Now, as Sandy sets out to investigate the crime, he finds himself drawn
				back into his own past-a magical mystery tour of the pent-up passions of his
				generation. For a new messiah has resurrected the Nazgul and the mad new beat may be
				more than anyone bargained for-a requiem of demonism, mind control, and death,
				whose apocalyptic tune only Sandy may be able to change in time.-From publisher
				description.</subfield>
		</datafield>
		<datafield tag="655" ind1=" " ind2="7">
			<subfield code="a">Skrekk</subfield>
		</datafield>
		<datafield tag="655" ind1=" " ind2="7">
			<subfield code="a">Romaner</subfield>
		</datafield>
	</record>