
	<record>
		<leader>02255cam a22004577i 4500</leader>
		<controlfield tag="001">z7sw1159w685d6vl</controlfield>
		<controlfield tag="003">LIBRIS</controlfield>
		<controlfield tag="005">20190219153419.0</controlfield>
		<controlfield tag="008">190219s1955 enk|||||||||||000 ||eng|c</controlfield>
		<datafield tag="041" ind1=" " ind2=" ">
			<subfield code="a">eng</subfield>
		</datafield>
		<datafield tag="082" ind1="0" ind2="4">
			<subfield code="a">821.1</subfield>
		</datafield>
		<datafield tag="240" ind1="1" ind2="0">
			<subfield code="a">Fourteenth century verse and prose</subfield>
			<subfield code="1">http://viaf.org/viaf/8953154622417744710007</subfield>
		</datafield>
		<datafield tag="245" ind1="0" ind2="0">
			<subfield code="a">Fourteenth century verse &amp; prose /</subfield>
			<subfield code="c">edited by Kenneth Sisam.</subfield>
		</datafield>
		<datafield tag="250" ind1=" " ind2=" ">
			<subfield code="a">[Rev. ed.].</subfield>
		</datafield>
		<datafield tag="264" ind1=" " ind2="1">
			<subfield code="a">Oxford, London :</subfield>
			<subfield code="b">Clarendon Press,</subfield>
			<subfield code="c">1955</subfield>
		</datafield>
		<datafield tag="300" ind1=" " ind2=" ">
			<subfield code="a">xlvii, 292, [168] s.</subfield>
			<subfield code="c">19 cm</subfield>
		</datafield>
		<datafield tag="336" ind1=" " ind2=" ">
			<subfield code="a">text</subfield>
			<subfield code="b">txt</subfield>
			<subfield code="2">rdacontent</subfield>
			<subfield code="0">http://rdaregistry.info/termList/RDAContentType/1020</subfield>
		</datafield>
		<datafield tag="337" ind1=" " ind2=" ">
			<subfield code="a">unmediated</subfield>
			<subfield code="b">umd</subfield>
			<subfield code="2">rdamedia</subfield>
			<subfield code="0">http://rdaregistry.info/termList/RDAMediaType/1007</subfield>
		</datafield>
		<datafield tag="338" ind1=" " ind2=" ">
			<subfield code="a">volume</subfield>
			<subfield code="b">vol</subfield>
			<subfield code="2">rdacarrier</subfield>
			<subfield code="0">http://rdaregistry.info/termList/RDACarrierType/1049</subfield>
		</datafield>
		<datafield tag="340" ind1=" " ind2=" ">
			<subfield code="b">19 cm</subfield>
		</datafield>
		<datafield tag="500" ind1=" " ind2=" ">
			<subfield code="a">Corrected reprint of 1st ed., 1921.</subfield>
		</datafield>
		<datafield tag="501" ind1=" " ind2=" ">
			<subfield code="a">With: A Middle English vocabulary / J.R.R. Tolkien. Oxford,
				1922.</subfield>
		</datafield>
		<datafield tag="655" ind1=" " ind2="7">
			<subfield code="a">Samleverk</subfield>
		</datafield>
		<datafield tag="700" ind1="1" ind2="2">
			<subfield code="a">Tolkien, J. R. R.</subfield>
			<subfield code="q">(John Ronald Reuel),</subfield>
			<subfield code="d">1892-1973.</subfield>
			<subfield code="t">Middle English vocabulary</subfield>
			<subfield code="1">http://viaf.org/viaf/186269323</subfield>
		</datafield>
		<datafield tag="700" ind1="1" ind2=" ">
			<subfield code="a">Sisam, Kenneth</subfield>
			<subfield code="4">edt</subfield>
			<subfield code="e">Redaktør</subfield>
			<subfield code="1">http://viaf.org/viaf/19746553</subfield>
		</datafield>
		<datafield tag="700" ind1="1" ind2=" ">
			<subfield code="a">Tolkien, J. R. R.</subfield>
			<subfield code="q">(John Ronald Reuel)</subfield>
			<subfield code="d">1892-1973</subfield>
			<subfield code="1">http://viaf.org/viaf/95218067</subfield>
		</datafield>
	</record>