
	<record>
		<leader>01833cam a2200433 i 4500</leader>
		<controlfield tag="001">r1hf7cf7pwjgns7n</controlfield>
		<controlfield tag="003">LIBRIS</controlfield>
		<controlfield tag="005">20190131151520.0</controlfield>
		<controlfield tag="008">190131s1973 fi |||||||||||000 f|fin| </controlfield>
		<datafield tag="020" ind1=" " ind2=" ">
			<subfield code="a">9513022137</subfield>
		</datafield>
		<datafield tag="041" ind1="1" ind2=" ">
			<subfield code="a">fin</subfield>
			<subfield code="h">eng</subfield>
		</datafield>
		<datafield tag="100" ind1="1" ind2=" ">
			<subfield code="a">Tolkien, J. R. R.</subfield>
			<subfield code="q">(John Ronald Reuel)</subfield>
			<subfield code="d">1892-1973</subfield>
			<subfield code="1">http://viaf.org/viaf/95218067</subfield>
			<subfield code="4">aut</subfield>
			<subfield code="e">Forfatter</subfield>
		</datafield>
		<datafield tag="240" ind1="1" ind2="4">
			<subfield code="a">The hobbit or There and back again</subfield>
			<subfield code="1">http://viaf.org/viaf/309569545</subfield>	
		</datafield>
		<datafield tag="245" ind1="1" ind2="0">
			<subfield code="a">Lohikrmevuori eli ern hoppeling matka sinne ja takasin</subfield>
			<subfield code="c">J. R. R. Tolkien ; kuv. Tove Jansson ; [suom. Risto
				Pitkñen].</subfield>
		</datafield>
		<datafield tag="264" ind1=" " ind2="1">
			<subfield code="a">Hki</subfield>
			<subfield code="b">Tammi</subfield>
			<subfield code="c">1973</subfield>
		</datafield>
		<datafield tag="300" ind1=" " ind2=" ">
			<subfield code="a">291 s.</subfield>
			<subfield code="b">kuvitettu, karttoja</subfield>
			<subfield code="c">21 cm</subfield>
		</datafield>
		<datafield tag="336" ind1=" " ind2=" ">
			<subfield code="a">text</subfield>
			<subfield code="b">txt</subfield>
			<subfield code="2">rdacontent</subfield>
			<subfield code="0">http://rdaregistry.info/termList/RDAContentType/1020</subfield>
		</datafield>
		<datafield tag="337" ind1=" " ind2=" ">
			<subfield code="a">unmediated</subfield>
			<subfield code="b">umd</subfield>
			<subfield code="2">rdamedia</subfield>
			<subfield code="0">http://rdaregistry.info/termList/RDAMediaType/1007</subfield>
		</datafield>
		<datafield tag="338" ind1=" " ind2=" ">
			<subfield code="a">volume</subfield>
			<subfield code="b">vol</subfield>
			<subfield code="2">rdacarrier</subfield>
			<subfield code="0">http://rdaregistry.info/termList/RDACarrierType/1049</subfield>
		</datafield>
		<datafield tag="340" ind1=" " ind2=" ">
			<subfield code="b">21 cm</subfield>
		</datafield>
		<datafield tag="500" ind1=" " ind2=" ">
			<subfield code="a">Lisp̃ainokset: 2. p. 1979.</subfield>
		</datafield>
		<datafield tag="500" ind1=" " ind2=" ">
			<subfield code="a">Luokkataso: alakoulu, ylk̃oulu.</subfield>
		</datafield>
		<datafield tag="520" ind1=" " ind2=" ">
			<subfield code="a">Hoppelit ovat pienenpient ̃vk̃e,̃ jotka rakastavat rauhaa ja hyvi
				̃aterioita ja inhoavat kiusallisia seikkailuja. Tl̃lainen oli mys̲ Kalpa Kassinen
				siihen pĩvñ̃ asti, jolloin hñet houkuteltiin vaaralliselle retkelle etsimñ̃
				aarretta.</subfield>
		</datafield>
		<datafield tag="655" ind1=" " ind2="4">
			<subfield code="a">Fantasy</subfield>
		</datafield>
		<datafield tag="700" ind1="1" ind2=" ">
			<subfield code="a">Jansson, Tove</subfield>
			<subfield code="e">Illustratør</subfield>
			<subfield code="4">ill</subfield>
			<subfield code="1">http://viaf.org/viaf/111533709</subfield>
		</datafield>
		<datafield tag="700" ind1="1" ind2=" ">
			<subfield code="a">Pitkänen, Risto</subfield>
			<subfield code="e">Oversetter</subfield>
			<subfield code="4">trl</subfield>
		</datafield>
	</record>