
	<record>
		<leader>01094cam a22002415a 4500</leader>
		<controlfield tag="001">nxbf37btl02pqqxg</controlfield>
		<controlfield tag="003">LIBRIS</controlfield>
		<controlfield tag="005">20190115141623.0</controlfield>
		<controlfield tag="008">190115s1986 us |||||||||||000 1|eng|c</controlfield>
		<datafield tag="020" ind1=" " ind2=" ">
			<subfield code="a">9780395426401</subfield>
		</datafield>
		<datafield tag="041" ind1=" " ind2=" ">
			<subfield code="a">eng</subfield>
		</datafield>
		<datafield tag="100" ind1="1" ind2=" ">
			<subfield code="a">Tolkien, Christopher</subfield>
			<subfield code="1">http://viaf.org/viaf/12315790</subfield>
			<subfield code="4">aut</subfield>
			<subfield code="e">Forfatter</subfield>
		</datafield>
		<datafield tag="240" ind1="1" ind2="0">
			<subfield code="a">The Book of Lost Tales</subfield>
			<subfield code="1">http://viaf.org/viaf/10130988</subfield>
		</datafield>
		<datafield tag="245" ind1="1" ind2="0">
			<subfield code="a">The Book of Lost Tales: Part Two /</subfield>
			<subfield code="c">Christopher Tolkien, J. R. R. Tolkien.</subfield>
		</datafield>
		<datafield tag="264" ind1=" " ind2="1">
			<subfield code="b">Mariner Books,</subfield>
			<subfield code="c">1986</subfield>
		</datafield>
		<datafield tag="655" ind1=" " ind2="4">
			<subfield tag="a">Fantasy</subfield>
		</datafield>
	</record>