
	<record>
		<leader>06118cam a22012977i 4500</leader>
		<controlfield tag="001">s2gtb5c4q0r8s088</controlfield>
		<controlfield tag="003">LIBRIS</controlfield>
		<controlfield tag="005">20190109102509.0</controlfield>
		<controlfield tag="008">190109s2016 un |||||||||||000 ||ukr|c</controlfield>
		<datafield tag="020" ind1=" " ind2=" ">
			<subfield code="a">9786176641001</subfield>
		</datafield>
		<datafield tag="041" ind1="1" ind2=" ">
			<subfield code="a">ukr</subfield>
			<subfield code="h">eng</subfield>
		</datafield>
		<datafield tag="082" ind1="0" ind2="4">
			<subfield code="a">891.79</subfield>
		</datafield>
		<datafield tag="100" ind1="1" ind2=" ">
			<subfield code="a">Tolkien, J. R. R.</subfield>
			<subfield code="q">(John Ronald Reuel)</subfield>
			<subfield code="d">1892-1973</subfield>
			<subfield code="1">http://viaf.org/viaf/95218067</subfield>
			<subfield code="4">aut</subfield>
			<subfield code="e">Forfatter</subfield>
		</datafield>
		<datafield tag="240" ind1="1" ind2="0">
			<subfield code="a">The fellowship of the ring.</subfield>
			<subfield code="l">Ukrainska</subfield>
			<subfield code="1">http://viaf.org/viaf/185888925</subfield>
		</datafield>
		<datafield tag="245" ind1="1" ind2="0">
			<subfield code="a">Volodar persniv. Bratstvo persnja. :</subfield>
			<subfield code="b">Persa castyna trylohi.</subfield>
			<subfield code="c">Tolkin Dz. R.R. ; pereklala z anhlijs'ko Kateryna Oniscuk ;
				perekladac virsiv i literaturnyj redaktor Nazar Fedorak.</subfield>
		</datafield>
		<datafield tag="250" ind1=" " ind2=" ">
			<subfield code="a">2-he oprac. vyd.</subfield>
		</datafield>
		<datafield tag="264" ind1=" " ind2="1">
			<subfield code="a">L'viv</subfield>
			<subfield code="b">Vydavnyctvo "Astroljabija"</subfield>
			<subfield code="c">2016</subfield>
		</datafield>
		<datafield tag="300" ind1=" " ind2=" ">
			<subfield code="a">704 s.</subfield>
		</datafield>
		<datafield tag="336" ind1=" " ind2=" ">
			<subfield code="a">text</subfield>
			<subfield code="b">txt</subfield>
			<subfield code="2">rdacontent</subfield>
			<subfield code="0">http://rdaregistry.info/termList/RDAContentType/1020</subfield>
		</datafield>
		<datafield tag="337" ind1=" " ind2=" ">
			<subfield code="a">unmediated</subfield>
			<subfield code="b">umd</subfield>
			<subfield code="2">rdamedia</subfield>
			<subfield code="0">http://rdaregistry.info/termList/RDAMediaType/1007</subfield>
		</datafield>
		<datafield tag="338" ind1=" " ind2=" ">
			<subfield code="a">volume</subfield>
			<subfield code="b">vol</subfield>
			<subfield code="2">rdacarrier</subfield>
			<subfield code="0">http://rdaregistry.info/termList/RDACarrierType/1049</subfield>
		</datafield>
		<datafield tag="490" ind1="1" ind2=" ">
			<subfield code="a">Volodar persniv ;</subfield>
			<subfield code="v">1</subfield>
		</datafield>
		<datafield tag="655" ind1=" " ind2="7">
			<subfield code="a">Fantasy</subfield>
		</datafield>
		<datafield tag="655" ind1=" " ind2="7">
			<subfield code="a">Romaner</subfield>
		</datafield>
		<datafield tag="700" ind1="1" ind2=" ">
			<subfield code="a">Oniscuk, Kateryna</subfield>
			<subfield code="4">trl</subfield>
			<subfield code="e">Oversetter</subfield>
		</datafield>
		<datafield tag="700" ind1="1" ind2=" ">
			<subfield code="a">Fedorak, Nazar</subfield>
			<subfield code="4">trl</subfield>
			<subfield code="4">edt</subfield>
			<subfield code="e">Redaktør</subfield>
			<subfield code="e">Oversetter</subfield>
			<subfield code="1">http://viaf.org/viaf/39298932</subfield>
		</datafield>
	</record>