
	<record>
		<leader>02002cim a22004817a 4500</leader>
		<controlfield tag="001">dnzznshsb1fqj178</controlfield>
		<controlfield tag="003">LIBRIS</controlfield>
		<controlfield tag="005">20181219130622.0</controlfield>
		<controlfield tag="007">sd ||||||||||| </controlfield>
		<controlfield tag="008">181219s2018 sw nnnne|||||||f n eng|c</controlfield>
		<datafield tag="041" ind1=" " ind2=" ">
			<subfield code="a">eng</subfield>
		</datafield>
		<datafield tag="046" ind1=" " ind2=" ">
			<subfield code="a">m</subfield>
			<subfield code="m">20181218</subfield>
			<subfield code="n">20190216</subfield>
		</datafield>
		<datafield tag="082" ind1="0" ind2="4">
			<subfield code="a">820</subfield>
		</datafield>
		<datafield tag="100" ind1="1" ind2=" ">
			<subfield code="a">Tolkien, J. R. R.</subfield>
			<subfield code="q">(John Ronald Reuel)</subfield>
			<subfield code="d">1892-1973</subfield>
			<subfield code="1">http://viaf.org/viaf/95218067</subfield>
			<subfield code="4">aut</subfield>
			<subfield code="e">Forfatter</subfield>
		</datafield>
		<datafield tag="240" ind1="1" ind2="0">
			<subfield code="a">The fall of Arthur</subfield>
		</datafield>
		<datafield tag="245" ind1="1" ind2="4">
			<subfield code="a">The fall of Arthur</subfield>
			<subfield code="h">[Ljudupptagning] /</subfield>
			<subfield code="c">by J. R. R. Tolkien ; edited by Christopher Tolkien.</subfield>
		</datafield>
		<datafield tag="264" ind1=" " ind2="1">
			<subfield code="a">Johanneshov</subfield>
			<subfield code="b">MTM</subfield>
			<subfield code="c">2018</subfield>
		</datafield>
		<datafield tag="300" ind1=" " ind2=" ">
			<subfield code="a">1 CD-R (6 tim., 14 min.)</subfield>
		</datafield>
		<datafield tag="336" ind1=" " ind2=" ">
			<subfield code="a">spoken word</subfield>
			<subfield code="b">spw</subfield>
			<subfield code="2">rdacontent</subfield>
			<subfield code="0">http://rdaregistry.info/termList/RDAContentType/1013</subfield>
		</datafield>
		<datafield tag="337" ind1=" " ind2=" ">
			<subfield code="a">audio</subfield>
			<subfield code="b">a</subfield>
			<subfield code="2">rdamedia</subfield>
			<subfield code="0">http://rdaregistry.info/termList/RDAMediaType/1001</subfield>
		</datafield>
		<datafield tag="338" ind1=" " ind2=" ">
			<subfield code="a">audio disc</subfield>
			<subfield code="b">ad</subfield>
			<subfield code="2">rdacarrier</subfield>
			<subfield code="0">http://rdaregistry.info/termList/RDACarrierType/1004</subfield>
		</datafield>
		<datafield tag="500" ind1=" " ind2=" ">
			<subfield code="a">Digital talbok (DAISY 2.02), ljud</subfield>
		</datafield>
		<datafield tag="500" ind1=" " ind2=" ">
			<subfield code="a">Inls̃t ur: [Ny utg.]. London : HarperCollins, 2015. ISBN
				978-0-00-755730-1</subfield>
		</datafield>
		<datafield tag="538" ind1=" " ind2=" ">
			<subfield code="a">Filstorlek: 128 MB.</subfield>
		</datafield>
		<datafield tag="655" ind1=" " ind2="4">
			<subfield code="a">Fantasy</subfield>
		</datafield>
		<datafield tag="700" ind1="1" ind2=" ">
			<subfield code="a">Tolkien, Christopher</subfield>
			<subfield code="1">http://viaf.org/viaf/12315790</subfield>
			<subfield code="4">pbl</subfield>
		</datafield>
	</record>