
	<record>
		<leader>00860cam a22002175a 4500</leader>
		<controlfield tag="001">dnvmcj8tbg9883d1</controlfield>
		<controlfield tag="003">LIBRIS</controlfield>
		<controlfield tag="005">20181121080137.0</controlfield>
		<controlfield tag="008">181121s2018 xx |||||||||||000 ||eng|c</controlfield>
		<datafield tag="020" ind1=" " ind2=" ">
			<subfield code="a">9780008302771</subfield>
		</datafield>
		<datafield tag="041" ind1=" " ind2=" ">
			<subfield code="a">eng</subfield>
		</datafield>
		<datafield tag="100" ind1="1" ind2=" ">
			<subfield code="a">Tolkien, J. R. R.</subfield>
			<subfield code="q">(John Ronald Reuel)</subfield>
			<subfield code="d">1892-1973</subfield>
			<subfield code="1">http://viaf.org/viaf/95218067</subfield>
			<subfield code="4">aut</subfield>
			<subfield code="e">Forfatter</subfield>
		</datafield>
		<datafield tag="240" ind1="1" ind2="0">
			<subfield code="a">The fall of Gondolin</subfield>
			<subfield code="1">http://viaf.org/viaf/4402153834752864450003</subfield>
		</datafield>
		<datafield tag="245" ind1="1" ind2="0">
			<subfield code="a">Fall of Gondolin, The /</subfield>
			<subfield code="c">Tolkien, J. R. R.</subfield>
		</datafield>
		<datafield tag="264" ind1=" " ind2="1">
			<subfield code="c">2018</subfield>
		</datafield>
	</record>