
	<record>
		<leader>03351cam a22003493a 4500</leader>
		<controlfield tag="001">bln7ljhp812mtffr</controlfield>
		<controlfield tag="003">LIBRIS</controlfield>
		<controlfield tag="005">20181024080342.0</controlfield>
		<controlfield tag="008">181024s2014 xx ||||e||||||000 ||rus|c</controlfield>
		<datafield tag="020" ind1=" " ind2=" ">
			<subfield code="a">9785170827725</subfield>
		</datafield>
		<datafield tag="041" ind1=" " ind2=" ">
			<subfield code="a">rus</subfield>
		</datafield>
		<datafield tag="082" ind1=" " ind2="4">
			<subfield code="a">891.7</subfield>
		</datafield>
		<datafield tag="100" ind1="1" ind2=" ">
			<subfield code="a">Tolkien, J. R. R.</subfield>
			<subfield code="q">(John Ronald Reuel)</subfield>
			<subfield code="d">1892-1973</subfield>
			<subfield code="1">http://viaf.org/viaf/95218067</subfield>
			<subfield code="4">aut</subfield>
			<subfield code="e">Forfatter</subfield>
		</datafield>
		<datafield tag="240" ind1="1" ind2="4">
			<subfield code="a">The hobbit or There and back again</subfield>
			<subfield code="1">http://viaf.org/viaf/309569545</subfield>	
		</datafield>
		<datafield tag="245" ind1="1" ind2="0">
			<subfield code="6">880-02</subfield>
			<subfield code="a">Khobbit /</subfield>
			<subfield code="c">John Ronald Reuel Tolkien.</subfield>
		</datafield>
		<datafield tag="250" ind1=" " ind2=" ">
			<subfield code="a">2 uppl.</subfield>
		</datafield>
		<datafield tag="264" ind1=" " ind2="1">
			<subfield code="6">880-03 ;</subfield>
			<subfield code="a">. :</subfield>
			<subfield code="b">AST,</subfield>
			<subfield code="c">2014</subfield>
		</datafield>
		<datafield tag="300" ind1=" " ind2=" ">
			<subfield code="a">386 s.</subfield>
			<subfield code="c">14x21 cm</subfield>
		</datafield>
		<datafield tag="340" ind1=" " ind2=" ">
			<subfield code="b">14x21 cm</subfield>
		</datafield>
		<datafield tag="336" ind1=" " ind2=" ">
			<subfield code="a">text</subfield>
			<subfield code="b">txt</subfield>
			<subfield code="2">rdacontent</subfield>
			<subfield code="0">http://rdaregistry.info/termList/RDAContentType/1020</subfield>
		</datafield>
		<datafield tag="337" ind1=" " ind2=" ">
			<subfield code="a">unmediated</subfield>
			<subfield code="b">umd</subfield>
			<subfield code="2">rdamedia</subfield>
			<subfield code="0">http://rdaregistry.info/termList/RDAMediaType/1007</subfield>
		</datafield>
		<datafield tag="338" ind1=" " ind2=" ">
			<subfield code="a">volume</subfield>
			<subfield code="b">vol</subfield>
			<subfield code="2">rdacarrier</subfield>
			<subfield code="0">http://rdaregistry.info/termList/RDACarrierType/1049</subfield>
		</datafield>
		<datafield tag="520" ind1=" " ind2=" ">
			<subfield code="a">The Hobbit, or There and Back Again is a fantasy novel and children's
				book by English author J. R. R. Tolkien. It was published on 21 September 1937 to
				wide critical acclaim, being nominated for the Carnegie Medal and awarded a prize
				from the New York Herald Tribune for best juvenile fiction. The book remains popular
				and is recognized as a classic in children's literature. Set in a time "Between
				the Dawn of Fr̆ie and the Dominion of Men",[1] The Hobbit follows the quest of
				home-loving hobbit Bilbo Baggins to win a share of the treasure guarded by the
				dragon, Smaug. Bilbo's journey takes him from light-hearted, rural surroundings into
				more sinister territory.[2] The story is told in the form of an episodic quest, and
				most chapters introduce a specific creature, or type of creature, of Tolkien's
				Wilderland. By accepting the disreputable, romantic, fey and adventurous sides of
				his nature and applying his wits and common sense, Bilbo gains a new level of
				maturity, competence and wisdom.[3] The story reaches its climax in the Battle of
				the Five Armies, where many of the characters and creatures from earlier chapters
				re-emerge to engage in conflict. Personal growth and forms of heroism are central
				themes of the story. Along with motifs of warfare, these themes have led critics to
				view Tolkien's own experiences during World War I as instrumental in shaping the
				story. The author's scholarly knowledge of Germanic philology and interest in fairy
				tales are often noted as influences. Encouraged by the book's critical and financial
				success, the publisher requested a sequel. As Tolkien's work on the successor The
				Lord of the Rings progressed, he made retrospective accommodations for it in The
				Hobbit. These few but significant changes were integrated into the second edition.
				Further editions followed with minor emendations, including those reflecting
				Tolkien's changing concept of the world into which Bilbo stumbled. The work has
				never been out of print. Its ongoing legacy encompasses many adaptations for stage,
				screen, radio, board games and video games. Several of these adaptations have
				received critical recognition</subfield>
		</datafield>
		<datafield tag="521" ind1=" " ind2=" ">
			<subfield code="a">Vuxna</subfield>
		</datafield>
	</record>