
	<record>
		<leader>05063cam a22011055a 4500</leader>
		<controlfield tag="001">5ffp27fl36226kpf</controlfield>
		<controlfield tag="003">LIBRIS</controlfield>
		<controlfield tag="005">20181004130327.0</controlfield>
		<controlfield tag="008">181004s2017 sw |||||||||||000 1|swe|c</controlfield>
		<datafield tag="041" ind1="1" ind2=" ">
			<subfield code="a">swe</subfield>
			<subfield code="h">eng</subfield>
		</datafield>
		<datafield tag="082" ind1="0" ind2="4">
			<subfield code="a">741.5</subfield>
		</datafield>
		<datafield tag="100" ind1="1" ind2=" ">
			<subfield code="a">Dixon, Charles</subfield>
			<subfield code="1">http://viaf.org/viaf/102370266</subfield>
			<subfield code="4">aut</subfield>
			<subfield code="e">Forfatter</subfield>
		</datafield>
		<datafield tag="240" ind1="1" ind2="4">
			<subfield code="a">The hobbit graphic novel</subfield>
			<subfield code="l">Svenska</subfield>
			<subfield code="1">http://viaf.org/viaf/309569545</subfield>
		</datafield>
		<datafield tag="245" ind1="1" ind2="0">
			<subfield code="a">Bilbo hobbiten</subfield>
			<subfield code="b">bort och hem igen</subfield>
			<subfield code="c">av J.R.R. Tolkien ; adaption av Charles Dixon ; illustrerad av David
				Wenzel ; v̲ersatt av Britt G. Hallqvist ; textad av Gunnar Pettersson, Jan-Erik
				Hg̲lund.</subfield>
		</datafield>
		<datafield tag="250" ind1=" " ind2=" ">
			<subfield code="a">4 uppl.</subfield>
		</datafield>
		<datafield tag="264" ind1=" " ind2="1">
			<subfield code="a">Stockholm :</subfield>
			<subfield code="b">Epix</subfield>
			<subfield code="c">2017</subfield>
		</datafield>
		<datafield tag="300" ind1=" " ind2=" ">
			<subfield code="a">133 s.</subfield>
			<subfield code="b">ill.</subfield>
		</datafield>
		<datafield tag="336" ind1=" " ind2=" ">
			<subfield code="a">text</subfield>
			<subfield code="b">txt</subfield>
			<subfield code="2">rdacontent</subfield>
			<subfield code="0">http://rdaregistry.info/termList/RDAContentType/1020</subfield>
		</datafield>
		<datafield tag="337" ind1=" " ind2=" ">
			<subfield code="a">unmediated</subfield>
			<subfield code="b">umd</subfield>
			<subfield code="2">rdamedia</subfield>
			<subfield code="0">http://rdaregistry.info/termList/RDAMediaType/1007</subfield>
		</datafield>
		<datafield tag="338" ind1=" " ind2=" ">
			<subfield code="a">volume</subfield>
			<subfield code="b">vol</subfield>
			<subfield code="2">rdacarrier</subfield>
			<subfield code="0">http://rdaregistry.info/termList/RDACarrierType/1049</subfield>
		</datafield>
		<datafield tag="500" ind1=" " ind2=" ">
			<subfield code="a">Fr̲sta svenska uppl. 1992</subfield>
		</datafield>
		<datafield tag="500" ind1=" " ind2=" ">
			<subfield code="a">Tidigare utg. i 3 vol.</subfield>
		</datafield>
		<datafield tag="500" ind1=" " ind2=" ">
			<subfield code="a">Omarbetad upplaga av 2011 r̄s utgv̄a</subfield>
		</datafield>
		<datafield tag="655" ind1=" " ind2="7">
			<subfield code="a">Fantasy</subfield>
		</datafield>
		<datafield tag="700" ind1="1" ind2=" ">
			<subfield code="a">Tolkien, J. R. R.</subfield>
			<subfield code="q">(John Ronald Reuel)</subfield>
			<subfield code="d">1892-1973</subfield>
			<subfield code="t">Bilbo</subfield>
			<subfield code="1">http://viaf.org/viaf/309569545</subfield>
			<subfield code="i">Basert på</subfield>
			<subfield code="4">http://rdaregistry.info/Elements/w/P10155</subfield>
		</datafield>
		<datafield tag="700" ind1="1" ind2=" ">
			<subfield code="a">Hallqvist, Britt G.</subfield>
			<subfield code="d">1914-1997</subfield>
			<subfield code="4">trl</subfield>
			<subfield code="e">Oversetter</subfield>
			<subfield code="1">http://viaf.org/viaf/69036967</subfield>
		</datafield>
	</record>