
	<!--	
	<record>
		<leader>00959cam a22002778i 4500</leader>
		<controlfield tag="001">q006t5f9nwcww52p</controlfield>
		<controlfield tag="003">LIBRIS</controlfield>
		<controlfield tag="005">20181003181436.0</controlfield>
		<controlfield tag="008">181003s1987 xx |||||||||||000 0|eng|d</controlfield>
		<datafield tag="020" ind1=" " ind2=" ">
			<subfield code="a">9780486251332</subfield>
		</datafield>
		<datafield tag="041" ind1=" " ind2=" ">
			<subfield code="a">eng</subfield>
		</datafield>
		<datafield tag="100" ind1="1" ind2=" ">
			<subfield code="a">Adams, Douglas Q.</subfield>
			<subfield code="1">http://viaf.org/viaf/22296718</subfield>
			<subfield code="4">aut</subfield>
			<subfield code="e">Forfatter</subfield>
		</datafield>
		<datafield tag="245" ind1="1" ind2="0">
			<subfield code="a">Essential modern greek grammar</subfield>
		</datafield>
		<datafield tag="264" ind1=" " ind2="1">
			<subfield code="b">Dover Publications Inc.</subfield>
			<subfield code="c">1987</subfield>
		</datafield>
		<datafield tag="300" ind1=" " ind2=" ">
			<subfield code="a">96 s.</subfield>
			<subfield code="c">20.4 cm</subfield>
		</datafield>
		<datafield tag="340" ind1=" " ind2=" ">
			<subfield code="b">20.4 cm</subfield>
		</datafield>
		<datafield tag="490" ind1="0" ind2=" ">
			<subfield code="a">DOVER LANGUAGE GUIDES ESSENTIA</subfield>
		</datafield>
	</record>