
	<record>
		<leader>22844cim a22039133a 4500</leader>
		<controlfield tag="001">17357589</controlfield>
		<controlfield tag="003">LIBRIS</controlfield>
		<controlfield tag="005">20161026140433.0</controlfield>
		<controlfield tag="007">s| ||||||||||| </controlfield>
		<controlfield tag="007">cr ||| ||||| </controlfield>
		<controlfield tag="008">150105s2015 sw | ||jo||||||f | eng|d</controlfield>
		<datafield tag="020" ind1=" " ind2=" ">
			<subfield code="a">9789176392119</subfield>
		</datafield>
		<datafield tag="041" ind1=" " ind2=" ">
			<subfield code="a">eng</subfield>
		</datafield>
		<datafield tag="100" ind1="1" ind2=" ">
			<subfield code="a">Carroll, Lewis</subfield>
			<subfield code="d">1832-1898 </subfield>
			<subfield code="q">(Charles Lutwidge Dodgson)</subfield>
			<subfield code="1">http://viaf.org/viaf/66462036</subfield>
			<subfield code="4">aut</subfield>
			<subfield code="e">Forfatter</subfield>
		</datafield>
		<datafield tag="245" ind1="1" ind2="0">
			<subfield code="a">Through the Looking-glass and What Alice Found There</subfield>
			<subfield code="h">[Elektronisk resurs]</subfield>
		</datafield>
		<datafield tag="264" ind1=" " ind2="1">
			<subfield code="b">Svenska Ljud Classica,</subfield>
			<subfield code="c">2015</subfield>
		</datafield>
		<datafield tag="300" ind1=" " ind2=" ">
			<subfield code="a">186 min.</subfield>
		</datafield>
		<datafield tag="500" ind1=" " ind2=" ">
			<subfield code="a">Lest av Kara Shallenberg.</subfield>
		</datafield>
		<datafield tag="520" ind1=" " ind2=" ">
			<subfield code="a">The sequel to Alices Adventures in Wonderland finds Alice back in
				Wonderland and a pawn in a surreal chess game. This weird and wonderful book
				includes the poems Jabberwocky and The Walrus and the Carpenter, a talking pudding,
				and that immortal line Jam yesterday, jam tomorrow, but never jam today.
				[Elib]</subfield>
		</datafield>
		<datafield tag="655" ind1=" " ind2="4">
			<subfield code="a">Fantasy</subfield>
		</datafield>
		<datafield tag="655" ind1=" " ind2="4">
			<subfield code="a">Barnelitteratur</subfield>
		</datafield>
		<datafield tag="700" ind1="1" ind2=" ">
			<subfield code="a">Shallenberg, Kara</subfield>
			<subfield code="4">nrt</subfield>
		</datafield>
	</record>