
	<record>
		<leader>22709cim a22037933a 4500</leader>
		<controlfield tag="001">17297087</controlfield>
		<controlfield tag="003">LIBRIS</controlfield>
		<controlfield tag="005">20161026140429.0</controlfield>
		<controlfield tag="007">s| ||||||||||| </controlfield>
		<controlfield tag="007">cr ||| ||||| </controlfield>
		<controlfield tag="008">141223s2015 sw | ||jo||||||f | eng|d</controlfield>
		<datafield tag="020" ind1=" " ind2=" ">
			<subfield code="a">9789176392096</subfield>
		</datafield>
		<datafield tag="041" ind1=" " ind2=" ">
			<subfield code="a">eng</subfield>
		</datafield>
		<datafield tag="100" ind1="1" ind2=" ">
			<subfield code="a">Carroll, Lewis</subfield>
			<subfield code="d">1832-1898 </subfield>
			<subfield code="q">(Charles Lutwidge Dodgson)</subfield>
			<subfield code="1">http://viaf.org/viaf/66462036</subfield>
			<subfield code="4">aut</subfield>
			<subfield code="e">Forfatter</subfield>
		</datafield>
		<datafield tag="245" ind1="1" ind2="0">
			<subfield code="a">Alice in Wonderland</subfield>
			<subfield code="h">[Elektronisk resurs]</subfield>
		</datafield>
		<datafield tag="264" ind1=" " ind2="1">
			<subfield code="b">Svenska Ljud Classica,</subfield>
			<subfield code="c">2015</subfield>
		</datafield>
		<datafield tag="300" ind1=" " ind2=" ">
			<subfield code="a">160 min.</subfield>
		</datafield>
		<datafield tag="500" ind1=" " ind2=" ">
			<subfield code="5">Lest av Peter Yearsley.</subfield>
		</datafield>
		<datafield tag="520" ind1=" " ind2=" ">
			<subfield code="a">Alice's Adventures in Wonderland (commonly shortened to Alice in
				Wonderland) is an 1865 novel written by English author Charles Lutwidge Dodgson
				under the pseudonym Lewis Carroll. It tells the story of a girl named Alice who
				falls down a rabbit hole into a fantasy world populated by peculiar and
				anthropomorphic creatures. The tale is filled with allusions to Dodgson's friends.
				The tale plays with logic in ways that have given the story lasting popularity with
				adults as well as children. It is cons.ed to be one of the best examples of the
				"literary nonsense" genre, and its narrative course and structure have
				been enormously influential, especially in the fantasy genre. [Elib]</subfield>
		</datafield>
		<datafield tag="655" ind1=" " ind2="4">
			<subfield code="a">Barnelitteratur</subfield>
		</datafield>
		<datafield tag="655" ind1=" " ind2="4">
			<subfield code="a">Fantasy</subfield>
		</datafield>
		<datafield tag="700" ind1="1" ind2=" ">
			<subfield code="a">Yearsley, Peter</subfield>
			<subfield code="4">nrt</subfield>
		</datafield>
	</record>