
	<record>
		<leader>22005cim a22036973a 4500</leader>
		<controlfield tag="001">17297092</controlfield>
		<controlfield tag="003">LIBRIS</controlfield>
		<controlfield tag="005">20160906163614.0</controlfield>
		<controlfield tag="007">s| ||||||||||| </controlfield>
		<controlfield tag="007">cr ||| ||||| </controlfield>
		<controlfield tag="008">141223s2015 sw | ||jo||||||f | eng|d</controlfield>
		<datafield tag="020" ind1=" " ind2=" ">
			<subfield code="a">9789176392102</subfield>
		</datafield>
		<datafield tag="041" ind1=" " ind2=" ">
			<subfield code="a">eng</subfield>
		</datafield>
		<datafield tag="100" ind1="1" ind2=" ">
			<subfield code="a">Carroll, Lewis</subfield>
			<subfield code="d">1832-1898 </subfield>
			<subfield code="q">(Charles Lutwidge Dodgson)</subfield>
			<subfield code="1">http://viaf.org/viaf/66462036</subfield>
			<subfield code="4">aut</subfield>
			<subfield code="e">Forfatter</subfield>
		</datafield>
		<datafield tag="245" ind1="1" ind2="0">
			<subfield code="a">The Hunting of the Snark</subfield>
			<subfield code="h">[Elektronisk resurs]</subfield>
		</datafield>
		<datafield tag="264" ind1=" " ind2="1">
			<subfield code="b">Svenska Ljud Classica,</subfield>
			<subfield code="c">2015</subfield>
		</datafield>
		<datafield tag="300" ind1=" " ind2=" ">
			<subfield code="a">39 min.</subfield>
		</datafield>
		<datafield tag="500" ind1=" " ind2=" ">
			<subfield code="5">Lest av Shawn Craig Smith.</subfield>
		</datafield>
		<datafield tag="520" ind1=" " ind2=" ">
			<subfield code="a">The Hunting of the Snark (An Agony in 8 Fits) is usually thought of
				as a nonsense poem written by Lewis Carroll (Charles Lutwidge Dodgson) in 1874, when
				he was 42 years old. It describes "with infinite humour the impossible voyage
				of an improbable crew to find an inconceivable creature". The poem borrows
				occasionally from Carroll's short poem "Jabberwocky" in Through the
				Looking-Glass (especially the poem's creatures and portmanteau words), but it is a
				stand-alone work, first published in 1876 by Macmillan. The illustrations were by
				Henry Holiday.</subfield>
		</datafield>
		<datafield tag="655" ind1=" " ind2="4">
			<subfield code="a">Barnelitteratur</subfield>
		</datafield>
		<datafield tag="655" ind1=" " ind2="4">
			<subfield code="a">Lyrikk</subfield>
		</datafield>
		<datafield tag="655" ind1=" " ind2="4">
			<subfield code="a">Fantasy</subfield>
		</datafield>
		<datafield tag="700" ind1="1" ind2=" ">
			<subfield code="a">Smith, Shawn Craig</subfield>
			<subfield code="4">nrt</subfield>
		</datafield>
	</record>