
	<record>
		<leader>04924cam a2201153mi 4500</leader>
		<controlfield tag="001">s2lpnn7hqmn9n12m</controlfield>
		<controlfield tag="003">LIBRIS</controlfield>
		<controlfield tag="005">20190219141550.0</controlfield>
		<controlfield tag="008">190219r20162011nyu|||||||||||000 1|eng|d</controlfield>
		<datafield tag="020" ind1=" " ind2=" ">
			<subfield code="a">9780062689740</subfield>
		</datafield>
		<datafield tag="041" ind1=" " ind2=" ">
			<subfield code="a">eng</subfield>
		</datafield>
		<datafield tag="082" ind1="0" ind2="4">
			<subfield code="a">823</subfield>
		</datafield>
		<datafield tag="100" ind1="1" ind2=" ">
			<subfield code="a">Gaiman, Neil</subfield>
			<subfield code="d">1960- </subfield>
			<subfield code="q">(Neil Richard)</subfield>
			<subfield code="1">http://viaf.org/viaf/103859257</subfield>
			<subfield code="4">aut</subfield>
			<subfield code="e">Forfatter</subfield>
		</datafield>
		<datafield tag="245" ind1="1" ind2="0">
			<subfield code="a">American gods</subfield>
			<subfield code="c">Neil Gaiman</subfield>
		</datafield>
		<datafield tag="250" ind1=" " ind2=" ">
			<subfield code="a">The tenth anniversary edition (author's preferred text)</subfield>
		</datafield>
		<datafield tag="264" ind1=" " ind2="1">
			<subfield code="a">New York, NY</subfield>
			<subfield code="b">William Morrow, an imprint of HarperCollinsPublishers</subfield>
			<subfield code="c">2017</subfield>
		</datafield>
		<datafield tag="264" ind1=" " ind2="4">
			<subfield code="c">♭2011</subfield>
		</datafield>
		<datafield tag="300" ind1=" " ind2=" ">
			<subfield code="a">xiv, 541 s.</subfield>
			<subfield code="c">21 cm</subfield>
		</datafield>
		<datafield tag="340" ind1=" " ind2=" ">
			<subfield code="b">21 cm</subfield>
		</datafield>
		<datafield tag="500" ind1=" " ind2=" ">
			<subfield code="a">Originally published ♭2001. Tenth anniversay edition (author's
				preferred text) copyright ♭2011.</subfield>
		</datafield>
		<datafield tag="586" ind1=" " ind2=" ">
			<subfield code="a">Winner of the Hugo and Nebula Awards for best novel.</subfield>
		</datafield>
		<datafield tag="655" ind1=" " ind2="7">
			<subfield code="a">Fantasy</subfield>
		</datafield>
	</record>