
	<record>
		<leader>04229cam a22006977i 4500</leader>
		<controlfield tag="001">js86r0rngtjq8bfc</controlfield>
		<controlfield tag="003">LIBRIS</controlfield>
		<controlfield tag="005">20190131133850.0</controlfield>
		<controlfield tag="008">190131s2008 nyu|||||||||||000 1|eng|d</controlfield>
		<datafield tag="020" ind1=" " ind2=" ">
			<subfield code="a">9780062564337</subfield>
		</datafield>
		<datafield tag="041" ind1=" " ind2=" ">
			<subfield code="a">eng</subfield>
		</datafield>
		<datafield tag="082" ind1="0" ind2="4">
			<subfield code="a">823</subfield>
		</datafield>
		<datafield tag="100" ind1="1" ind2=" ">
			<subfield code="a">Gaiman, Neil</subfield>
			<subfield code="d">1960- </subfield>
			<subfield code="q">(Neil Richard)</subfield>
			<subfield code="1">http://viaf.org/viaf/103859257</subfield>
			<subfield code="4">aut</subfield>
			<subfield code="e">Forfatter</subfield>
		</datafield>
		<datafield tag="245" ind1="1" ind2="0">
			<subfield code="a">Anansi boys</subfield>
			<subfield code="c">Neil Gaiman</subfield>
		</datafield>
		<datafield tag="250" ind1=" " ind2=" ">
			<subfield code="a">First Harper Perennial edition</subfield>
		</datafield>
		<datafield tag="264" ind1=" " ind2="1">
			<subfield code="a">New York</subfield>
			<subfield code="b">Harper Perennial</subfield>
			<subfield code="c">2008</subfield>
		</datafield>
		<datafield tag="300" ind1=" " ind2=" ">
			<subfield code="a">336, 18 s.</subfield>
			<subfield code="b">ill.</subfield>
			<subfield code="c">21-24 cm</subfield>
		</datafield>
		<datafield tag="340" ind1=" " ind2=" ">
			<subfield code="b">21-24 cm</subfield>
		</datafield>
		<datafield tag="500" ind1=" " ind2=" ">
			<subfield code="a">"P.S. insights, interviews & more-"-Cover.</subfield>
		</datafield>
		<datafield tag="520" ind1=" " ind2=" ">
			<subfield code="a">Charlie "Fat Charlie" Nancy, lives in London and learns of
				his estranged father's death in Florida. While attending the funeral, Charlie
				discovers his father left behind some surprises: Charlie has an unknown brother,
				Spider, and his father was an African trickster god. Spider shows up in Charlie's
				life and creates havoc. Spider steals Charlie's fiance and gets Charlie fired,
				charged with embezzlement, and accused of murder. To return his life to normal,
				Charlie resorts to using magic.</subfield>
		</datafield>
		<datafield tag="600" ind1="0" ind2="4">
			<subfield code="a">Anansi</subfield>
			<subfield code="c">(Fiktiv karakter)</subfield>
		</datafield>
		<datafield tag="655" ind1=" " ind2="7">
			<subfield code="a">Fantasy</subfield>
		</datafield>
	</record>