
	<record>
		<leader>02867cam a22006617i 4500</leader>
		<controlfield tag="001">cmzwfxlk90h9wkg0</controlfield>
		<controlfield tag="003">LIBRIS</controlfield>
		<controlfield tag="005">20181227153800.0</controlfield>
		<controlfield tag="008">181227t20172017enka|||j||||||000 1|eng| </controlfield>
		<datafield tag="020" ind1=" " ind2=" ">
			<subfield code="a">9781408879238</subfield>
		</datafield>
		<datafield tag="041" ind1=" " ind2=" ">
			<subfield code="a">eng</subfield>
		</datafield>
		<datafield tag="082" ind1="0" ind2="4">
			<subfield code="a">813.6</subfield>
			<subfield code="2">23</subfield>
		</datafield>
		<datafield tag="100" ind1="1" ind2=" ">
			<subfield code="a">Gaiman, Neil</subfield>
			<subfield code="d">1960- </subfield>
			<subfield code="q">(Neil Richard)</subfield>
			<subfield code="1">http://viaf.org/viaf/103859257</subfield>
			<subfield code="4">aut</subfield>
			<subfield code="e">Forfatter</subfield>
		</datafield>
		<datafield tag="245" ind1="1" ind2="0">
			<subfield code="a">Cinnamon</subfield>
			<subfield code="c">Neil Gaiman ; illustrated by Divya Srinivasan</subfield>
		</datafield>
		<datafield tag="264" ind1=" " ind2="1">
			<subfield code="a">London</subfield>
			<subfield code="b">Bloomsbury</subfield>
			<subfield code="c">2017</subfield>
		</datafield>
		<datafield tag="264" ind1=" " ind2="4">
			<subfield code="c">c2017</subfield>
		</datafield>
		<datafield tag="300" ind1=" " ind2=" ">
			<subfield code="a">37 s. unummerert</subfield>
			<subfield code="b">ill. col.</subfield>
			<subfield code="c">29 cm</subfield>
		</datafield>
		<datafield tag="340" ind1=" " ind2=" ">
			<subfield code="b">29 cm</subfield>
		</datafield>
		<datafield tag="500" ind1=" " ind2=" ">
			<subfield code="a">First published in the US in 2017 by HarperCollins Children's Books,
				New York, NY.</subfield>
		</datafield>
		<datafield tag="520" ind1=" " ind2=" ">
			<subfield code="a">The parents of pearl-eyed princess Cinnamon offer a reward to anyone
				who can help their daughter speak, a plea answered by an exotic tiger who arrives at
				the palace, armed with knowledge of the world.</subfield>
		</datafield>
		<datafield tag="655" ind1=" " ind2="7">
			<subfield code="a">Barnelittteratur</subfield>
		</datafield>
		<datafield tag="655" ind1=" " ind2="7">
			<subfield code="a">Fantasy</subfield>
		</datafield>
		<datafield tag="700" ind1="1" ind2=" ">
			<subfield code="a">Srinivasan, Divya</subfield>
			<subfield code="e">illustrator.</subfield>
		</datafield>
	</record>