
	<record>
		<leader>01053cam a22002655a 4500</leader>
		<controlfield tag="001">7hswbln15568l2bs</controlfield>
		<controlfield tag="003">LIBRIS</controlfield>
		<controlfield tag="005">20181220081335.0</controlfield>
		<controlfield tag="007">cr ||| ||||| </controlfield>
		<controlfield tag="008">181220s2018 xx |||||o|||||000 0|und|d</controlfield>
		<datafield tag="020" ind1=" " ind2=" ">
			<subfield code="z">1848564961</subfield>
		</datafield>
		<datafield tag="041" ind1=" " ind2=" ">
			<subfield code="a">und</subfield>
		</datafield>
		<datafield tag="100" ind1="1" ind2=" ">
			<subfield code="a">Gaiman, Neil</subfield>
			<subfield code="d">1960- </subfield>
			<subfield code="q">(Neil Richard)</subfield>
			<subfield code="1">http://viaf.org/viaf/103859257</subfield>
			<subfield code="4">aut</subfield>
			<subfield code="e">Forfatter</subfield>
		</datafield>
		<datafield tag="245" ind1="1" ind2="0">
			<subfield code="a">Don't Panic : Douglas Adams & The Hitchhiker's Guide to the
				Galaxy</subfield>
			<subfield code="h">[Elektronisk resurs]</subfield>
		</datafield>
		<datafield tag="264" ind1=" " ind2="1">
			<subfield code="c">2018</subfield>
		</datafield>
		<datafield tag="776" ind1="0" ind2="8">
			<subfield code="i">Print</subfield>
			<subfield code="t">Don't Panic : Douglas Adams & The Hitchhiker's Guide to the
				Galaxy</subfield>
			<subfield code="z">1848564961</subfield>
			<subfield code="z">9781848564961</subfield>
		</datafield>
	</record>