
	<record>
		<leader>00956cam a22002535a 4500</leader>
		<controlfield tag="001">7hrt22w65q6wkf1v</controlfield>
		<controlfield tag="003">LIBRIS</controlfield>
		<controlfield tag="005">20181211151628.0</controlfield>
		<controlfield tag="008">181211s2018 xx_|||||||||||000 1|und|c</controlfield>
		<datafield tag="020" ind1=" " ind2=" ">
			<subfield code="a">9785171087913</subfield>
		</datafield>
		<datafield tag="041" ind1=" " ind2=" ">
			<subfield code="a">und</subfield>
		</datafield>
		<datafield tag="100" ind1="1" ind2=" ">
			<subfield code="a">Gaiman, Neil</subfield>
			<subfield code="d">1960- </subfield>
			<subfield code="q">(Neil Richard)</subfield>
			<subfield code="1">http://viaf.org/viaf/103859257</subfield>
			<subfield code="4">aut</subfield>
			<subfield code="e">Forfatter</subfield>
		</datafield>
		<datafield tag="245" ind1="1" ind2="0">
			<subfield code="a">Koralina</subfield>
			<subfield code="c">Neil Gaiman</subfield>
		</datafield>
		<datafield tag="264" ind1=" " ind2="1">
			<subfield code="b">Ast</subfield>
			<subfield code="c">2018</subfield>
		</datafield>
		<datafield tag="300" ind1=" " ind2=" ">
			<subfield code="a">224 s.</subfield>
			<subfield code="c">0 cm</subfield>
		</datafield>
		<datafield tag="340" ind1=" " ind2=" ">
			<subfield code="b">0 cm</subfield>
		</datafield>
	</record>