
	<record>
		<leader>01663cam a22004817a 4500</leader>
		<controlfield tag="001">18349712</controlfield>
		<controlfield tag="003">LIBRIS</controlfield>
		<controlfield tag="005">20150903133227.0</controlfield>
		<controlfield tag="008">150903s2009 xxu| 000 0 eng c</controlfield>
		<datafield tag="020" ind1=" " ind2=" ">
			<subfield code="a">9781601251831</subfield>
		</datafield>
		<datafield tag="082" ind1="0" ind2="4">
			<subfield code="a">793.93</subfield>
		</datafield>
		<datafield tag="100" ind1="1" ind2=" ">
			<subfield code="a">Bulmahn, Jason</subfield>
			<subfield code="1">http://viaf.org/viaf/36452638</subfield>
			<subfield code="4">aut</subfield>
		</datafield>
		<datafield tag="245" ind1="0" ind2="0">
			<subfield code="a">Pathfinder roleplaying game</subfield>
			<subfield code="b">Bestiary /</subfield>
			<subfield code="c">[lead designer, Jason Bulmahn].</subfield>
		</datafield>
		<datafield tag="246" ind1="3" ind2=" ">
			<subfield code="a">Bestiary</subfield>
		</datafield>
		<datafield tag="260" ind1=" " ind2=" ">
			<subfield code="a">Redmond, Wash</subfield>
			<subfield code="b">Paizo</subfield>
			<subfield code="c">2009</subfield>
		</datafield>
		<datafield tag="300" ind1=" " ind2=" ">
			<subfield code="a">327 s.</subfield>
			<subfield code="b">ill.</subfield>
			<subfield code="c">29 cm</subfield>
		</datafield>
		<datafield tag="500" ind1=" " ind2=" ">
			<subfield code="a">"Based on the original roleplaying game rules designed by Gary
				Gygax and Dave Arneson."- T.p. verso.</subfield>
		</datafield>
		<datafield tag="650" ind1=" " ind2="0">
			<subfield code="a">Pathfinder (Spill)</subfield>
			<subfield code="v">Håndbøker etc.</subfield>
		</datafield>
		<datafield tag="653" ind=" " ind2=" ">
			<subfield code="a">Monstre</subfield>
		</datafield>
		<datafield tag="655" ind1=" " ind2="4">
			<subfield code="a">Spillhåndbok</subfield>
		</datafield>
		<datafield tag="700" ind1="1" ind2=" ">
			<subfield code="a">Gygax, Gary</subfield>
			<subfield code="d">1938- </subfield>
			<subfield code="q">(Ernest Gary)</subfield>
			<subfield code="e">Original-idé av</subfield>
			<subfield code="4">ccp</subfield>
			<subfield code="1">http://viaf.org/viaf/15495536</subfield>
		</datafield>
		<datafield tag="700" ind1="1" ind2=" ">
			<subfield code="a">Arneson, Dave</subfield>
			<subfield code="d">1947-2009</subfield>
			<subfield code="1">http://viaf.org/viaf/94609578</subfield>
		</datafield>
	</record>