
	<record>
		<leader>01214cam a2200385 4500</leader>
		<controlfield tag="001">7672783</controlfield>
		<controlfield tag="003">LIBRIS</controlfield>
		<controlfield tag="005">20051022084716.0</controlfield>
		<controlfield tag="008">011211s1990 sw 000 f swe </controlfield>
		<datafield tag="020" ind1=" " ind2=" ">
			<subfield code="a">91-7898-110-7 ;</subfield>
			<subfield code="c">35:00</subfield>
		</datafield>
		<datafield tag="041" ind1="1" ind2=" ">
			<subfield code="a">swe</subfield>
			<subfield code="h">eng</subfield>
		</datafield>
		<datafield tag="082" ind1="0" ind2="4">
			<subfield code="a">823</subfield>
		</datafield>
		<datafield tag="100" ind1="1" ind2=" ">
			<subfield code="a">Gygax, Gary</subfield>
			<subfield code="d">1938- </subfield>
			<subfield code="q">(Ernest Gary)</subfield>
			<subfield code="1">http://viaf.org/viaf/15495536</subfield>
			<subfield code="4">aut</subfield>
		</datafield>
		<datafield tag="245" ind1="0" ind2="0">
			<subfield code="a">Dolkar i mr̲kret</subfield>
			<subfield code="c">Gary Gygax ; v̲erst̃tning: Stefan Ekman</subfield>
		</datafield>
		<datafield tag="249" ind1=" " ind2="0">
			<subfield code="a">Night arrant</subfield>
		</datafield>
		<datafield tag="260" ind1=" " ind2=" ">
			<subfield code="a">Stockholm</subfield>
			<subfield code="b">Target Games</subfield>
			<subfield code="c">1990</subfield>
			<subfield code="e">(Norge)</subfield>
		</datafield>
		<datafield tag="300" ind1=" " ind2=" ">
			<subfield code="a">175, [1] s.</subfield>
			<subfield code="c">18 cm</subfield>
		</datafield>
		<datafield tag="440" ind1=" " ind2="0">
			<subfield code="a">Fantasyroman</subfield>
			<subfield code="x">99-0913276-1</subfield>
			<subfield code="v">28</subfield>
		</datafield>
		<datafield tag="500" ind1=" " ind2=" ">
			<subfield code="a">Fr̲sta svenska uppl. 1990</subfield>
		</datafield>
		<datafield tag="655" ind1=" " ind2="4">
			<subfield code="a">Fantasy</subfield>
		</datafield>
		<datafield tag="700" ind1="1" ind2=" ">
			<subfield code="a">Ekman, Stefan</subfield>
			<subfield code="4">trl</subfield>
		</datafield>
	</record>