
	<record>
		<leader>00529nam a22002058 4500</leader>
		<controlfield tag="001">4898699</controlfield>
		<controlfield tag="003">LIBRIS</controlfield>
		<controlfield tag="008">011211s1987 xxu 000 0 eng </controlfield>
		<datafield tag="020" ind1=" " ind2=" ">
			<subfield code="a">0399512934</subfield>
		</datafield>
		<datafield tag="082" ind1=" " ind2=" ">
			<subfield code="a">794</subfield>
		</datafield>
		<datafield tag="100" ind1="1" ind2=" ">
			<subfield code="a">Gygax, Gary</subfield>
			<subfield code="d">1938- </subfield>
			<subfield code="q">(Ernest Gary)</subfield>
			<subfield code="1">http://viaf.org/viaf/15495536</subfield>
			<subfield code="4">aut</subfield>
		</datafield>
		<datafield tag="245" ind1="0" ind2="0">
			<subfield code="a">Role-playing mastery</subfield>
			<subfield code="c">Gary Gygax</subfield>
		</datafield>
		<datafield tag="260" ind1=" " ind2=" ">
			<subfield code="a">New York, NY</subfield>
			<subfield code="b">Perigee Books</subfield>
			<subfield code="c">c1987</subfield>
		</datafield>
		<datafield tag="300" ind1=" " ind2=" ">
			<subfield code="a">176 s.</subfield>
			<subfield code="c">21 cm</subfield>
		</datafield>
		<datafield tag="655" ind1=" " ind2="4">
			<subfield code="a">Fantasy</subfield>
		</datafield>
		<datafield tag="653" ind1=" " ind2=" ">
			<subfield code="a">Spillhåndbok</subfield>
		</datafield>
	</record>