
	<record>
		<leader>00566caa a22001817ar4500</leader>
		<controlfield tag="001">14854941</controlfield>
		<controlfield tag="003">LIBRIS</controlfield>
		<controlfield tag="005">20140416121517.0</controlfield>
		<controlfield tag="008">131210s2013 sw |||| 000 0 swe c</controlfield>
		<datafield tag="100" ind1="1" ind2=" ">
			<subfield code="a">Ekström̲, Susanna</subfield>
			<subfield code="d">1941-</subfield>
			<subfield code="0">186288</subfield>
			<subfield code="1">http://viaf.org/viaf/43252855</subfield>
			<subfield code="4">aut</subfield>
		</datafield>
		<datafield tag="245" ind1="1" ind2="0">
			<subfield code="a">Bilden av Alice</subfield>
			<subfield code="c">av Susanna Ekström̲</subfield>
		</datafield>
		<datafield tag="600" ind1="1" ind2="4">
			<subfield code="a">Carroll, Lewis</subfield>
			<subfield code="d">1832-1898</subfield>
			<subfield code="q">(Charles Lutwidge Dodgson)</subfield>
			<subfield code="t">Alice i Underlandet</subfield>
		</datafield>
		<datafield tag="653" ind1=" " ind2=" ">
			<subfield code="a">Illustrasjonskunst</subfield>
		</datafield>
		<datafield tag="773" ind1="0" ind2=" ">
			<subfield code="t">Opsis barnkultur</subfield>
			<subfield code="x">ISSN 2000-3277</subfield>
			<subfield code="w">11486986</subfield>
			<subfield code="g">2013:4, s. 17-25</subfield>
		</datafield>
	</record>