
	<record>
		<leader>00668naa a22001937ar4500</leader>
		<controlfield tag="001">14854929</controlfield>
		<controlfield tag="003">LIBRIS</controlfield>
		<controlfield tag="005">20131210131058.0</controlfield>
		<controlfield tag="008">131210s2013 sw |||| 000 0 swe c</controlfield>
		<datafield tag="100" ind1="1" ind2=" ">
			<subfield code="a">Knochenhauer, Barbara</subfield>
			<subfield code="d">1963-</subfield>
			<subfield code="0">237118</subfield>
			<subfield code="1">http://viaf.org/viaf/71367863</subfield>
			<subfield code="4">aut</subfield>
		</datafield>
		<datafield tag="245" ind1="1" ind2="0">
			<subfield code="a">Alla dessa Alice</subfield>
			<subfield code="b">Nḡra nedslag bland svenska v̲erst̃tningar av Alice i Underlandet
				/</subfield>
			<subfield code="c">av Barbara Knochenhauer</subfield>
		</datafield>
		<datafield tag="600" ind1="1" ind2="4">
			<subfield code="a">Carroll, Lewis</subfield>
			<subfield code="d">1832-1898 </subfield>
			<subfield code="q">(Charles Lutwidge Dodgson)</subfield>
			<subfield code="t">Alice i Underlandet</subfield>
		</datafield>
		<datafield tag="651" ind1=" " ind2="7">
			<subfield code="a">Sverige</subfield>
			<subfield code="2">sao</subfield>
		</datafield>
		<datafield tag="773" ind1="0" ind2=" ">
			<subfield code="t">Opsis barnkultur</subfield>
			<subfield code="x">ISSN 2000-3277</subfield>
			<subfield code="w">11486986</subfield>
			<subfield code="g">2013:4, s. 12-16</subfield>
		</datafield>
	</record>