
	<record>
		<leader>00969naa a22003017ar4500</leader>
		<controlfield tag="001">9741700</controlfield>
		<controlfield tag="003">LIBRIS</controlfield>
		<controlfield tag="005">20041215154950.0</controlfield>
		<controlfield tag="008">041215s2003 xx |||| |||| ||eng d</controlfield>
		<datafield tag="100" ind1="1" ind2=" ">
			<subfield code="a">Appleford, J. Malia</subfield>
			<subfield code="4">aut</subfield>
		</datafield>
		<datafield tag="245" ind1="0" ind2="0">
			<subfield code="a">Lewis Carroll's "Barker and his daughter May" and the
				legend of Aristotle and Phyllis /</subfield>
			<subfield code="c">J. Malia Appleford</subfield>
		</datafield>
		<datafield tag="600" ind1="1" ind2="4">
			<subfield code="a">Carroll, Lewis</subfield>
			<subfield code="d">1832-1898 </subfield>
			<subfield code="q">(Charles Lutwidge Dodgson)</subfield>
			<subfield code="1">http://viaf.org/viaf/66462036</subfield>
		</datafield>
		<datafield tag="653" ind1=" " ind2=" ">
			<subfield code="a">Fotografi</subfield>
		</datafield>
		<datafield tag="773" ind1="0" ind2=" ">
			<subfield code="t">History of photography</subfield>
			<subfield code="w">3644923</subfield>
			<subfield code="x">0308-7298</subfield>
			<subfield code="g">27(2003):1, s. 83-88</subfield>
		</datafield>
	</record>