
	<record>
		<leader>01130naa a22003617ar4500</leader>
		<controlfield tag="001">9235173</controlfield>
		<controlfield tag="003">LIBRIS</controlfield>
		<controlfield tag="005">20031217023950.0</controlfield>
		<controlfield tag="008">031217s2000 xx |||| |||| ||eng d</controlfield>
		<datafield tag="100" ind1="1" ind2=" ">
			<subfield code="a">Israel, Kali</subfield>
			<subfield code="1">http://viaf.org/viaf/266769758</subfield>
			<subfield code="4">aut</subfield>
		</datafield>
		<datafield tag="245" ind1="0" ind2="0">
			<subfield code="a">Asking Alice</subfield>
			<subfield code="b">victorian and others Alices in contemporary culture /</subfield>
			<subfield code="c">Kali Israel</subfield>
		</datafield>
		<datafield tag="653" ind1=" " ind2=" ">
			<subfield code="a">Barnelitteratur</subfield>
		</datafield>
		<datafield tag="653" ind1=" " ind2=" ">
			<subfield code="a">Heltinner</subfield>
		</datafield>
		<datafield tag="600" ind1=" " ind2="4">
			<subfield code="a">Carroll, Lewis</subfield>
			<subfield code="d">1832-1898 </subfield>
			<subfield code="q">(Charles Lutwidge Dodgson)</subfield>
			<subfield code="1">http://viaf.org/viaf/66462036</subfield>
		</datafield>
		<datafield tag="773" ind1="0" ind2=" ">
			<subfield code="t">Victorian afterlife</subfield>
			<subfield code="d">Minneapolis, 2000</subfield>
			<subfield code="z">0-8166-3324-X</subfield>
			<subfield code="g">S. 252-287</subfield>
		</datafield>
	</record>