
	<record>
		<leader>01384cam a22003737a 4500</leader>
		<controlfield tag="001">8742456</controlfield>
		<controlfield tag="003">LIBRIS</controlfield>
		<controlfield tag="005">20021025153031.0</controlfield>
		<controlfield tag="008">021025s2002 ru ||||j |00| 0 rus c</controlfield>
		<datafield tag="020" ind1=" " ind2=" ">
			<subfield code="a">593898016X</subfield>
		</datafield>
		<datafield tag="041" ind1="1" ind2=" ">
			<subfield code="a">rus</subfield>
			<subfield code="h">swe</subfield>
		</datafield>
		<datafield tag="082" ind1="0" ind2="4">
			<subfield code="a">820.9</subfield>
		</datafield>
		<datafield tag="083" ind1="0" ind2=" ">
			<subfield code="a">920.7</subfield>
		</datafield>
		<datafield tag="100" ind1="1" ind2=" ">
			<subfield code="a">Björ̲k, Christina</subfield>
			<subfield code="d">1938-</subfield>
			<subfield code="1">http://viaf.org/viaf/112601139</subfield>
			<subfield code="4">aut</subfield>
		</datafield>
		<datafield tag="245" ind1="0" ind2="0">
			<subfield code="a">Prikljucenija Alisy v Oksforde /</subfield>
			<subfield code="c">Kristina B'erk ; chudoznik Inga-Karin Eriksson ; perevod Niny
				Demurovoj</subfield>
		</datafield>
		<datafield tag="249" ind1=" " ind2="0">
			<subfield code="a">Sagan om Alice v verkligheten.</subfield>
		</datafield>
		<datafield tag="260" ind1=" " ind2=" ">
			<subfield code="a">Sankt-Peterburg :</subfield>
			<subfield code="b">Vita Nova ,</subfield>
			<subfield code="c">2002</subfield>
		</datafield>
		<datafield tag="300" ind1=" " ind2=" ">
			<subfield code="a">93 s.</subfield>
			<subfield code="b">ill. noen col. </subfield>
		</datafield>
		<datafield tag="500" ind1=" " ind2=" ">
			<subfield code="a">Behandlar Lewis Carroll och Alice Liddell</subfield>
		</datafield>
		<datafield tag="600" ind1="1" ind2="4">
			<subfield code="a">Carroll, Lewis</subfield>
			<subfield code="d">1832-1898 </subfield>
			<subfield code="q">(Charles Lutwidge Dodgson)</subfield>
			<subfield code="1">http://viaf.org/viaf/66462036</subfield>
		</datafield>
		<datafield tag="600" ind1="1" ind2="4">
			<subfield code="a">Liddell, Alice</subfield>
		</datafield>
		<datafield tag="700" ind1="1" ind2=" ">
			<subfield code="a">Eriksson, Inga-Karin</subfield>
			<subfield code="d">1956-</subfield>
			<subfield code="4">ill</subfield>
			
			<subfield code="0">185462</subfield>
		</datafield>
		<datafield tag="700" ind1="1" ind2=" ">
			<subfield code="a">Demurova, Nina</subfield>
			<subfield code="4">trl</subfield>
		</datafield>
	</record>