
	<record>
		<leader>02264cam a22007097 4500</leader>
		<controlfield tag="001">4990025</controlfield>
		<controlfield tag="003">LIBRIS</controlfield>
		<controlfield tag="005">20080423105932.0</controlfield>
		<controlfield tag="008">011211s1990 xxk 001 0 eng c</controlfield>
		<datafield tag="020" ind1=" " ind2=" ">
			<subfield code="a">048530063X</subfield>
		</datafield>
		<datafield tag="041" ind1="1" ind2=" ">
			<subfield code="a">eng</subfield>
			<subfield code="h">fre</subfield>
		</datafield>
		<datafield tag="082" ind1=" " ind2=" ">
			<subfield code="a">121.68</subfield>
		</datafield>
		<datafield tag="082" ind1=" " ind2=" ">
			<subfield code="a">121.68</subfield>
		</datafield>
		<datafield tag="100" ind1="1" ind2=" ">
			<subfield code="a">Deleuze, Gilles</subfield>
			<subfield code="d">1925-1995</subfield>
			<subfield code="0">183629</subfield>
			<subfield code="1">http://viaf.org/viaf/22140703</subfield>
			<subfield code="4">aut</subfield>
		</datafield>
		<datafield tag="245" ind1="0" ind2="4">
			<subfield code="a">The logic of sense</subfield>
			<subfield code="c">Gilles Deleuze ; edited by Constantin V. Boundas ; translated by Mark
				Lester with Charles Stivale</subfield>
		</datafield>
		<datafield tag="249" ind1=" " ind2="0">
			<subfield code="a">Logique du sens</subfield>
		</datafield>
		<datafield tag="260" ind1=" " ind2=" ">
			<subfield code="a">London</subfield>
			<subfield code="b">Athlone</subfield>
			<subfield code="c">1990</subfield>
		</datafield>
		<datafield tag="300" ind1=" " ind2=" ">
			<subfield code="a">xiv, 393 s.</subfield>
			<subfield code="c">25cm</subfield>
		</datafield>
		<datafield tag="600" ind1="1" ind2="4">
			<subfield code="a">Carroll, Lewis</subfield>
			<subfield code="d">1832-1898 </subfield>
			<subfield code="q">(Charles Lutwidge Dodgson)</subfield>
			<subfield code="1">http://viaf.org/viaf/180646266</subfield>
			<subfield code="t">Alice's adventures in Wonderland</subfield>
		</datafield>
		<datafield tag="700" ind1="1" ind2=" ">
			<subfield code="a">Lester, Mark</subfield>
		</datafield>
		<datafield tag="700" ind1="1" ind2=" ">
			<subfield code="a">Stivale, Charles</subfield>
		</datafield>
		<datafield tag="700" ind1="1" ind2=" ">
			<subfield code="a">Boundas, Constantin V.</subfield>
			<subfield code="4">oth</subfield>
		</datafield>
	</record>