
	<record>
		<leader>01832cam a22003133a 4500</leader>
		<controlfield tag="001">dn6ljxj1bm3g1fnx</controlfield>
		<controlfield tag="003">LIBRIS</controlfield>
		<controlfield tag="005">20190213112912.0</controlfield>
		<controlfield tag="007">cr ||| ||||| </controlfield>
		<controlfield tag="008">190213s2019 xx |||||o|||||000 ||fin|d</controlfield>
		<datafield tag="020" ind1=" " ind2=" ">
			<subfield code="a">9789511275923</subfield>
		</datafield>
		<datafield tag="041" ind1=" " ind2=" ">
			<subfield code="a">fin</subfield>
		</datafield>
		<datafield tag="100" ind1="1" ind2=" ">
			<subfield code="a">Riordan, Rick</subfield>
			<subfield code="d">1964- </subfield>
			<subfield code="q">(Richard Russell)</subfield>
			<subfield code="1">http://viaf.org/viaf/60214017</subfield>
			<subfield code="4">aut</subfield>
		</datafield>
		<datafield tag="245" ind1="1" ind2="0">
			<subfield code="a">Athenen merkki</subfield>
			<subfield code="h">[Elektronisk resurs]</subfield>
		</datafield>
		<datafield tag="264" ind1=" " ind2="1">
			<subfield code="b">Otava</subfield>
			<subfield code="c">2019</subfield>
		</datafield>
		<datafield tag="300" ind1=" " ind2=" ">
			<subfield code="a">568 s.</subfield>
		</datafield>
		<datafield tag="520" ind1=" " ind2=" ">
			<subfield code="a">Juuri kun Annabeth on saanut Hera-jumalattaren jr̃jestm̃ñ eron
				jl̃keen vihdoin tavata Percyn, roomalaisten puoli-jumalien leiri nỹtt
				̃̃valmistautuvan sotaan. Annabethia huolestuttaa mys̲ ĩdin antama lahja, jossa
				vaaditaan hñt ̃seuraamaan Athenen merkki ̃ja kostamaan tm̃ñ puolesta. Ei mikñ̃
				mitt̃n̲ toive, kun Percy ja Annabeth yrittṽt̃ samalla etsi ̃ja sulkea Kuoleman oven
				vanhalla mantereella. Eniten Annabeth kuitenkin pelk,̃̃ ett ̃Percy on muuttunut
				roomalaisten leiriss.̃ Ett ̃hñ ei en ̃̃vl̃it ̃ystṽistñ̃. Vaikka Annabeth sodan ja
				viisauden jumalattaren tyttr̃en ̃on syntynyt johtamaan joukkoja, hñ kaipaa kipes̃ti
				omaa Levãivoa rinnalleen. Tm̃ ̃sh̃kk̲irja toimii ePub-formaattia tukevilla
				lukuohjelmilla. [Elib]</subfield>
		</datafield>
		<datafield tag="653" ind1=" " ind2=" ">
			<subfield code="a">Mytologi, Gresk</subfield>
		</datafield>
		<datafield tag="655" ind1=" " ind2="4">
			<subfield code="a">Fantasy</subfield>
		</datafield>
		<datafield tag="700" ind1="1" ind2=" ">
			<subfield code="a">Rekiaro, Ilkka</subfield>
			<subfield code="4">trl</subfield>
		</datafield>
	</record>