
	<record>
		<leader>13325cam a22019933a 4500</leader>
		<controlfield tag="001">20136233</controlfield>
		<controlfield tag="003">LIBRIS</controlfield>
		<controlfield tag="005">20170517151025.0</controlfield>
		<controlfield tag="007">cr ||| ||||| </controlfield>
		<controlfield tag="008">170309| | ||||jo|||||000 0|swe|d</controlfield>
		<datafield tag="020" ind1=" " ind2=" ">
			<subfield code="a">9789163894930</subfield>
		</datafield>
		<datafield tag="041" ind1=" " ind2=" ">
			<subfield code="a">swe</subfield>
		</datafield>
		<datafield tag="100" ind1="1" ind2=" ">
			<subfield code="a">Riordan, Rick</subfield>
			<subfield code="d">1964- </subfield>
			<subfield code="q">(Richard Russell)</subfield>
			<subfield code="1">http://viaf.org/viaf/60214017</subfield>
			<subfield code="4">aut</subfield>
		</datafield>
		<datafield tag="245" ind1="1" ind2="0">
			<subfield code="a">Tors hammare</subfield>
			<subfield code="h">[Elektronisk resurs]</subfield>
		</datafield>
		<datafield tag="264" ind1=" " ind2="1">
			<subfield code="b">Bonnier Carlsen</subfield>
		</datafield>
		<datafield tag="300" ind1=" " ind2=" ">
			<subfield code="a">480 s.</subfield>
		</datafield>
		<datafield tag="520" ind1=" " ind2=" ">
			<subfield code="a">De nordiska gudarna som du aldrig mt̲t dem fr̲r!Bs̃tsl̃jande Rick
				Riordan, som i tio r̄ toppat listorna med bokserierna och Hollywoodfilmerna om Percy
				Jackson och Olympens hjl̃tar, r̃ tillbaka och den hr̃ gn̄gen tar han sig ñtligen an
				de nordiska asagudarna. Vl̃kommen till ett asaspñnande ṽentyr!I denna andra bok om
				Magnus Chase blir Magnus och hans vñner valkyrian Sam, svartalven Blitzen och alven
				Hearthstone kallade fr̲ att hjl̃pa asagudarna. ¿skguden Tors hammare Mjl̲ner, som
				fr̲utom att framkalla s̄ka skyddar Valhall och de v̲riga nio vr̃ldarna frn̄ de
				mk̃tiga jt̃tarna i Jotunheim, r̃ borta. Att t̄erfinna hammaren r̃ ett uppdrag som
				krṽer str̲sta diskretion, v̲ermñsklig styrka, och minst en svartalv med extremt god
				kld̃smak. Tur att de har t̄minstone det sistnm̃nda...Myternas ms̃tare Rick Riordan
				r̃ kñd fr̲ sin moderna twist p ̄klassisk mytologi, sina nervpirrande cliffhangers,
				och fr̲ att f ̄ls̃arna att frusta av skratt. I en av hans roligaste serier hittills
				mt̲er du den nordiska gudavr̃lden som du aldrig sett den fr̲ut eller vad sg̃s om att
				mt̲a en Netflix-beroende s̄kgud, en deprimerad magisk get och en helt livsfarlig
				ekorre?Sagt om tidigare bok i serien:I Magnus Chase mt̲s den nordiska gudavr̃ldens
				storslagenhet och Rick Riordans sprudlande bert̃targld̃je. En av Riordans roligaste
				bc̲ker allting frn̄ kapitelrubrikerna till Magnus Chases torra humor kommer f ̄dig
				att skratta, medan handlingen rusar p ̄med en hejdundrande fart. Checka in mig p
				̄Hotell Valhall, tack. Jag stannar lñge.Cassandra Clare, bs̃tsl̃jande fr̲fattare
				&#xd6;verst̃tare: Anna Thuresson [Elib]</subfield>
		</datafield>
		<datafield tag="653" ind1=" " ind2=" ">
			<subfield code="a">Mytologi, Nordisk</subfield>
		</datafield>
		<datafield tag="655" ind1=" " ind2="4">
			<subfield code="a">Fantasy</subfield>
		</datafield>
		<datafield tag="700" ind1="1" ind2=" ">
			<subfield code="a">Thuresson, Anna</subfield>
			<subfield code="4">trl</subfield>
		</datafield>
	</record>