
	<record>
		<leader>01051cam a22002898i 4500</leader>
		<controlfield tag="001">19415674</controlfield>
		<controlfield tag="003">LIBRIS</controlfield>
		<controlfield tag="005">20180319143313.0</controlfield>
		<controlfield tag="008">160418s2016 xx |||| |00| 0|eng d</controlfield>
		<datafield tag="020" ind1=" " ind2=" ">
			<subfield code="a">9780141363936</subfield>
		</datafield>
		<datafield tag="100" ind1="1" ind2=" ">
			<subfield code="a">Riordan, Rick</subfield>
			<subfield code="d">1964- </subfield>
			<subfield code="q">(Richard Russell)</subfield>
			<subfield code="1">http://viaf.org/viaf/60214017</subfield>
			<subfield code="4">aut</subfield>
		</datafield>
		<datafield tag="245" ind1="1" ind2="0">
			<subfield code="a">The Hidden Oracle (The Trials of Apollo Book 1)</subfield>
		</datafield>
		<datafield tag="264" ind1=" " ind2="1">
			<subfield code="b">Penguin</subfield>
			<subfield code="c">2016</subfield>
		</datafield>
		<datafield tag="300" ind1=" " ind2=" ">
			<subfield code="c">23.3 cm</subfield>
		</datafield>
		<datafield tag="500" ind1=" " ind2=" ">
			<subfield code="a">Serie/fortst̃tningsarbete: 1. The hidden oracle - 2. The dark
				prophecy - 3. The burning maze</subfield>
		</datafield>
		<datafield tag="653" ind1=" " ind2=" ">
			<subfield code="a">Mytologi, Gresk</subfield>
		</datafield>
		<datafield tag="655" ind1=" " ind2="4">
			<subfield code="a">Fantasy</subfield>
		</datafield>
	</record>