
	<record>
		<leader>01931cam a22004097a 4500</leader>
		<controlfield tag="001">14740187</controlfield>
		<controlfield tag="003">LIBRIS</controlfield>
		<controlfield tag="005">20140721081810.0</controlfield>
		<controlfield tag="008">131016s2012 xxu||||j||||||000 1|eng|c</controlfield>
		<datafield tag="020" ind1=" " ind2=" ">
			<subfield code="a">9781423140603</subfield>
		</datafield>
		<datafield tag="041" ind1=" " ind2=" ">
			<subfield code="a">eng</subfield>
		</datafield>
		<datafield tag="082" ind1="0" ind2="4">
			<subfield code="a">823</subfield>
		</datafield>
		<datafield tag="100" ind1="1" ind2=" ">
			<subfield code="a">Riordan, Rick</subfield>
			<subfield code="d">1964- </subfield>
			<subfield code="q">(Richard Russell)</subfield>
			<subfield code="1">http://viaf.org/viaf/60214017</subfield>
			<subfield code="4">aut</subfield>
		</datafield>
		<datafield tag="245" ind1="1" ind2="0">
			<subfield code="a">The Mark of Athena</subfield>
			<subfield code="c">Rick Riordan</subfield>
		</datafield>
		<datafield tag="264" ind1=" " ind2="1">
			<subfield code="a">New York</subfield>
			<subfield code="b">Disney Press</subfield>
			<subfield code="c">2012</subfield>
		</datafield>
		<datafield tag="300" ind1=" " ind2=" ">
			<subfield code="a">586 s.</subfield>
		</datafield>
		<datafield tag="500" ind1=" " ind2=" ">
			<subfield code="a">Serie/fortst̃tningsarbete: 1. The lost hero - 2. The som of neptune
				- 3. The mark of Athena - 4. The house of Hades - 6. Heroes of Olympys: the
				demigod diaries</subfield>
		</datafield>
		<datafield tag="653" ind1=" " ind2=" ">
			<subfield code="a">Mytologi, Gresk</subfield>
		</datafield>
		<datafield tag="655" ind1=" " ind2="4">
			<subfield code="a">Fantasy</subfield>
		</datafield>
	</record>