
	<record>
		<leader>01047cam a22002898i 4500</leader>
		<controlfield tag="001">ktpfhl5nhd7kcp9w</controlfield>
		<controlfield tag="003">LIBRIS</controlfield>
		<controlfield tag="005">20180903080139.0</controlfield>
		<controlfield tag="008">180903s2005 sw ||||j||||||000 1|swe|d</controlfield>
		<datafield tag="020" ind1=" " ind2=" ">
			<subfield code="a">9789162274726</subfield>
		</datafield>
		<datafield tag="041" ind1=" " ind2=" ">
			<subfield code="a">swe</subfield>
		</datafield>
		<datafield tag="100" ind1="1" ind2=" ">
			<subfield code="a">Lewis, C. S.</subfield>
			<subfield code="d">1898-1963</subfield>
			<subfield code="q">(Clive Staples)</subfield>
			<subfield code="1">http://viaf.org/viaf/22144877</subfield>
			<subfield code="4">aut</subfield>
		</datafield>
		<datafield tag="245" ind1="1" ind2="0">
			<subfield code="a">Caspian, prins av Narnia</subfield>
		</datafield>
		<datafield tag="264" ind1=" " ind2="1">
			<subfield code="b">Bonnier Utbildning</subfield>
			<subfield code="c">2005</subfield>
		</datafield>
		<datafield tag="300" ind1=" " ind2=" ">
			<subfield code="a">208 s.</subfield>
		</datafield>
		<datafield tag="490" ind1="0" ind2=" ">
			<subfield code="a">Bert̃telsen om Narnia</subfield>
		</datafield>
		<datafield tag="655" ind1=" " ind2="4">
			<subfield code="a">Fantasy</subfield>
		</datafield>
		<datafield tag="655" ind1=" " ind2="4">
			<subfield code="a">Barnelitteratur</subfield>
		</datafield>
	</record>