
	<record>
		<leader>01149cam a22003138i 4500</leader>
		<controlfield tag="001">21768090</controlfield>
		<controlfield tag="003">LIBRIS</controlfield>
		<controlfield tag="005">20181003105415.0</controlfield>
		<controlfield tag="008">171020s2002 xx |||||||||||000 0|eng|d</controlfield>
		<datafield tag="020" ind1=" " ind2=" ">
			<subfield code="a">9780007117321</subfield>
		</datafield>
		<datafield tag="041" ind1=" " ind2=" ">
			<subfield code="a">eng</subfield>
		</datafield>
		<datafield tag="100" ind1="1" ind2=" ">
			<subfield code="a">Lewis, C. S.</subfield>
			<subfield code="d">1898-1963</subfield>
			<subfield code="q">(Clive Staples)</subfield>
			<subfield code="1">http://viaf.org/viaf/22144877</subfield>
			<subfield code="4">aut</subfield>
		</datafield>
		<datafield tag="245" ind1="1" ind2="0">
			<subfield code="a">Lion, the witch and the wardrobe</subfield>
		</datafield>
		<datafield tag="264" ind1=" " ind2="1">
			<subfield code="b">Harpercollins Publishers,</subfield>
			<subfield code="c">2002</subfield>
		</datafield>
		<datafield tag="300" ind1=" " ind2=" ">
			<subfield code="a">240 s.</subfield>
			<subfield code="c">13.7 cm</subfield>
		</datafield>
		<datafield tag="340" ind1=" " ind2=" ">
			<subfield code="b">13.7 cm</subfield>
		</datafield>
		<datafield tag="490" ind1="0" ind2=" ">
			<subfield code="a">THE CHRONICLES OF NARNIA</subfield>
		</datafield>
		<datafield tag="655" ind1=" " ind2="4">
			<subfield code="a">Fantasy</subfield>
		</datafield>
		<datafield tag="655" ind1=" " ind2="4">
			<subfield code="a">Barnelitteratur</subfield>
		</datafield>
	</record>