
	<record>
		<leader>07552cam a22018137a 4500</leader>
		<controlfield tag="001">22576948</controlfield>
		<controlfield tag="003">LIBRIS</controlfield>
		<controlfield tag="005">20180507124329.0</controlfield>
		<controlfield tag="008">180418s1995 nyu b 000 0 eng d</controlfield>
		<datafield tag="020" ind1=" " ind2=" ">
			<subfield code="a">9780684823720</subfield>
		</datafield>
		<datafield tag="082" ind1="0" ind2="4">
			<subfield code="a">828.91209</subfield>
		</datafield>
		<datafield tag="100" ind1="1" ind2=" ">
			<subfield code="a">Lewis, C. S.</subfield>
			<subfield code="d">1898-1963</subfield>
			<subfield code="q">(Clive Staples)</subfield>
			<subfield code="1">http://viaf.org/viaf/22144877</subfield>
			<subfield code="4">aut</subfield>
		</datafield>
		<datafield tag="245" ind1="1" ind2="0">
			<subfield code="a">C.S. Lewis letters to children /</subfield>
			<subfield code="c">edited by Lyle W. Dorsett and Marjorie Lamp Mead ; foreword by
				Douglas H. Gresham.</subfield>
		</datafield>
		<datafield tag="246" ind1="3" ind2=" ">
			<subfield code="a">CS Lewis letters to children</subfield>
		</datafield>
		<datafield tag="246" ind1="3" ind2="0">
			<subfield code="a">Letters to children</subfield>
		</datafield>
		<datafield tag="250" ind1=" " ind2=" ">
			<subfield code="a">1st Touchstone ed.</subfield>
		</datafield>
		<datafield tag="260" ind1=" " ind2=" ">
			<subfield code="a">New York</subfield>
			<subfield code="b">Simon & Schuster</subfield>
			<subfield code="c">1995</subfield>
		</datafield>
		<datafield tag="300" ind1=" " ind2=" ">
			<subfield code="a">120 s.</subfield>
			<subfield code="c">22 cm</subfield>
		</datafield>
		<datafield tag="500" ind1=" " ind2=" ">
			<subfield code="a">"A Touchstone book".</subfield>
		</datafield>
		<datafield tag="504" ind1=" " ind2=" ">
			<subfield code="a">Includes bibliographical references (p. 115-120).</subfield>
		</datafield>
		<datafield tag="520" ind1=" " ind2=" ">
			<subfield code="a">A collection of letters from the English author of the Narnia books
				to a variety of children.</subfield>
		</datafield>
		<datafield tag="600" ind1="1" ind2="0">
			<subfield code="a">Lewis, C. S.</subfield>
			<subfield code="q">(Clive Staples),</subfield>
			<subfield code="d">1898-1963</subfield>
			<subfield code="v">Korrespondanse</subfield>
			<subfield code="0">206537</subfield>
			<subfield code="1">http://viaf.org/viaf/22144877</subfield>
		</datafield>
		<datafield tag="600" ind1="1" ind2="0">
			<subfield code="a">Lewis, C. S.</subfield>
			<subfield code="q">(Clive Staples),</subfield>
			<subfield code="d">1898-1963</subfield>
			<subfield code="t">The chronicles of Narnia</subfield>
			<subfield code="0">206537</subfield>
			<subfield code="1">https://viaf.org/viaf/306402015</subfield>
		</datafield>
		<datafield tag="600" ind1="1" ind2="4">
			<subfield code="a">Lewis, C. S.</subfield>
			<subfield code="q">(Clive Staples)</subfield>
			<subfield code="d">1898-1963</subfield>
			<subfield code="0">206537</subfield>
			<subfield code="1">http://viaf.org/viaf/22144877</subfield>
		</datafield>
		<datafield tag="655" ind1=" " ind2="4">
			<subfield code="a">Barnelitteratur</subfield>
		</datafield>
		<datafield tag="700" ind1="1" ind2=" ">
			<subfield code="a">Dorsett, Lyle W.</subfield>
			<subfield code="4">aut</subfield>
		</datafield>
		<datafield tag="700" ind1="1" ind2=" ">
			<subfield code="a">Mead, Marjorie Lamp.</subfield>
			<subfield code="4">aut</subfield>
		</datafield>
		<datafield tag="700" ind1="1" ind2=" ">
			<subfield code="a">Gresham, Douglas H.</subfield>
			<subfield code="d">1945-</subfield>
			<subfield code="4">aui</subfield>
		</datafield>
	</record>