
	<record>
		<leader>01302cam a22003498i 4500</leader>
		<controlfield tag="001">7hx1qzrj5q39qlgz</controlfield>
		<controlfield tag="003">LIBRIS</controlfield>
		<controlfield tag="005">20190206080042.0</controlfield>
		<controlfield tag="008">190124s2019 sw ||||j||||||000 1|swe|d</controlfield>
		<datafield tag="020" ind1=" " ind2=" ">
			<subfield code="a">9789129717181</subfield>
		</datafield>
		<datafield tag="041" ind1=" " ind2=" ">
			<subfield code="a">swe</subfield>
		</datafield>
		<datafield tag="100" ind1="1" ind2=" ">
			<subfield code="a">Rowling, J. K.</subfield>
			<subfield code="d">1965-</subfield>
			<subfield code="q">(Joanne)</subfield>
			<subfield code="1">http://viaf.org/viaf/116796842</subfield>
			<subfield code="4">aut</subfield>
		</datafield>
		<datafield tag="240" ind1="1" ind2="0">
			<subfield code="a">Harry Potter and the Half-Blood Prince</subfield>
		</datafield>
		<datafield tag="245" ind1="1" ind2="0">
			<subfield code="a">Harry Potter och halvblodsprinsen</subfield>
		</datafield>
		<datafield tag="250" ind1=" " ind2=" ">
			<subfield code="a">3 uppl.</subfield>
		</datafield>
		<datafield tag="264" ind1=" " ind2="1">
			<subfield code="b">Rabň & Sjg̲ren,</subfield>
			<subfield code="c">2019</subfield>
		</datafield>
		<datafield tag="300" ind1=" " ind2=" ">
			<subfield code="a">658 s.</subfield>
			<subfield code="c">21.6 cm</subfield>
		</datafield>
		<datafield tag="340" ind1=" " ind2=" ">
			<subfield code="b">21.6 cm</subfield>
		</datafield>
		<datafield tag="490" ind1="0" ind2=" ">
			<subfield code="a">Harry Potter 20 r̄</subfield>
		</datafield>
		<datafield tag="655" ind1=" " ind2="4">
			<subfield code="a">Fantasy</subfield>
		</datafield>
		<datafield tag="700" ind1="1" ind2=" ">
			<subfield code="a">Fries-Gedin, Lena</subfield>
			<subfield code="4">trl</subfield>
		</datafield>
	</record>