
	<record>
		<leader>01273cam a22002775a 4500</leader>
		<controlfield tag="001">z7cnfqkbwztdg85w</controlfield>
		<controlfield tag="003">LIBRIS</controlfield>
		<controlfield tag="005">20181108130233.0</controlfield>
		<controlfield tag="008">181108s2018 xx |||||||||||000 1|___|c</controlfield>
		<datafield tag="020" ind1=" " ind2=" ">
			<subfield code="a">9789520401801</subfield>
		</datafield>
		<datafield tag="100" ind1="1" ind2=" ">
			<subfield code="a">Rowling, J. K.</subfield>
			<subfield code="d">1965-</subfield>
			<subfield code="q">(Joanne)</subfield>
			<subfield code="1">http://viaf.org/viaf/116796842</subfield>
			<subfield code="4">aut</subfield>
		</datafield>
		<datafield tag="245" ind1="1" ind2="0">
			<subfield code="a">Harry Potter ja viisasten kivi /</subfield>
			<subfield code="c">J. K. Rowling.</subfield>
		</datafield>
		<datafield tag="264" ind1=" " ind2="1">
			<subfield code="b">Kustannusosakeyhti ̲Tammi,</subfield>
			<subfield code="c">2018</subfield>
		</datafield>
		<datafield tag="655" ind1=" " ind2="4">
			<subfield code="a">Fantasy</subfield>
		</datafield>
		<datafield tag="655" ind1=" " ind2="4">
			<subfield code="a">Barnelitteratur</subfield>
		</datafield>
	</record>