
	<record>
		<leader>00660cam a22001815a 4500</leader>
		<controlfield tag="001">21879104</controlfield>
		<controlfield tag="003">LIBRIS</controlfield>
		<controlfield tag="005">20171106184659.0</controlfield>
		<controlfield tag="008">171106s2017 us |||||||||||00| 1|eng c</controlfield>
		<datafield tag="020" ind1=" " ind2=" ">
			<subfield code="a">9781338216790</subfield>
		</datafield>
		<datafield tag="100" ind1="1" ind2=" ">
			<subfield code="a">Rowling, J. K.</subfield>
			<subfield code="d">1965-</subfield>
			<subfield code="q">(Joanne)</subfield>
			<subfield code="1">http://viaf.org/viaf/116796842</subfield>
			<subfield code="4">aut</subfield>
		</datafield>
		<datafield tag="245" ind1="1" ind2="0">
			<subfield code="a">Fantastic Beasts and Where to Find Them: The Illustrated
				Edition</subfield>
			<subfield code="c">J. K. Rowling</subfield>
		</datafield>
		<datafield tag="260" ind1=" " ind2=" ">
			<subfield code="b">Arthur A. Levine Books</subfield>
			<subfield code="c">2017</subfield>
		</datafield>
		<datafield tag="300" ind1=" " ind2=" ">
			<subfield code="a">160 s.</subfield>
			<subfield code="c">2.3 cm</subfield>
		</datafield>
		<datafield tag="655" ind1=" " ind2="4">
			<subfield code="a">Fantasy</subfield>
		</datafield>
	</record>