
	<record>
		<leader>02840cgm a22004577a 4500</leader>
		<controlfield tag="001">14152048</controlfield>
		<controlfield tag="005">20130513113529.0</controlfield>
		<controlfield tag="007">mr c|||f|||||||||</controlfield>
		<controlfield tag="007">sd |||g|||||||</controlfield>
		<controlfield tag="008">051024s2005 xxu109 mleng </controlfield>
		<datafield tag="245" ind1="0" ind2="4">
			<subfield code="a">The hitchhiker's guide to the galaxy</subfield>
			<subfield code="c">a Barber Birnbaum, Everyman Pictures/Hammer & Tongs production ;
				directed by Garth Jennings ; produced by Gary Barber, Roger Birnbaum, Nick
				Goldsmith, Jay Roach, Jonathan Glickman ; screenplay, Douglas Adams, Karey
				Kirkpatrick.</subfield>
		</datafield>
		<datafield tag="257" ind1=" " ind2=" ">
			<subfield code="a">USA ; Storbirtania</subfield>
		</datafield>
		<datafield tag="260" ind1=" " ind2=" ">
			<subfield code="a">United States</subfield>
			<subfield code="b">Buena Vista Pictures</subfield>
			<subfield code="c">2005.</subfield>
		</datafield>
		<datafield tag="300" ind1=" " ind2=" ">
			<subfield code="a">12 film reels of 12 on 6 (ca. 109 min., ca. 9,810 ft.) :</subfield>
			<subfield code="b">sd., col. ;</subfield>
			<subfield code="c">35 mm.</subfield>
			<subfield code="3">viewing print.</subfield>
		</datafield>
		<datafield tag="300" ind1=" " ind2=" ">
			<subfield code="a">2 sound discs</subfield>
			<subfield code="b">digital</subfield>
			<subfield code="c">4 3/4 in.</subfield>
			<subfield code="3">track.</subfield>
		</datafield>
		<datafield tag="500" ind1=" " ind2=" ">
			<subfield code="a">Copyright: Touchstone Pictures, an a.d.o. Disney Enterprises, Inc.
				Appl. au.: Mostly Harmless Productions, Ltd. Prev. reg.: Based on screenplay and
				book by Douglas Adams. NM: cinematographic material. DCR 2005; PUB 29Apr05; REG
				27May05; PA1-271-472.</subfield>
		</datafield>
		<datafield tag="508" ind1=" " ind2=" ">
			<subfield code="a">Exceutive producers, Douglas Adams, Robbie Stamp, Derek Evans ;
				camera, Igor Jadue-Lillo ; editor, Niven Howie ; music, Joby Talbot ; production
				designer, Joel Collins.</subfield>
		</datafield>
		<datafield tag="511" ind1="1" ind2=" ">
			<subfield code="a">Martin Freeman, Mos Def, Sam Rockwell, Warwick Davis, Alan Rickman,
				John Malkovich.</subfield>
		</datafield>
		<datafield tag="520" ind1=" " ind2=" ">
			<subfield code="a">A man wakes up one morning to learn that the earth is goiing to be
				blown up so as to make way for a hyperspace highway. Fortunately, he is rescued by
				his best friend, who turns out to be an alien. The pair hitch a ride on a spaceship
				and have an array of offbeat adventures as they travel through space.</subfield>
		</datafield>
		<datafield tag="500" ind1=" " ind2=" ">
			<subfield code="a">Summary taken partially from Internet movie database.</subfield>
		</datafield>
		<datafield tag="500" ind1=" " ind2=" ">
			<subfield code="a">Based on the novel by Douglas Adams.</subfield>
		</datafield>
		<datafield tag="500" ind1=" " ind2=" ">
			<subfield code="a">Digital sound track on 2 compact discs stored in 1 film can (CGD
				7947).</subfield>
			<subfield code="5">DLC</subfield>
		</datafield>
		<datafield tag="500" ind1=" " ind2=" ">
			<subfield code="a">Not viewed.</subfield>
		</datafield>
		<datafield tag="500" ind1=" " ind2=" ">
			<subfield code="a">Sources used: copyright data base; copyright data sheet; Internet
				movie database, 10/24/2005; Variety, 4/25/2005.</subfield>
		</datafield>
		<datafield tag="541" ind1=" " ind2=" ">
			<subfield code="d">Received: 6/14/2005;</subfield>
			<subfield code="3">viewing print and track;</subfield>
			<subfield code="c">copyright deposit-NR;</subfield>
			<subfield code="a">Copyright Collection.</subfield>
		</datafield>
		<datafield tag="655" ind1=" " ind2="7">
			<subfield code="a">Spillefilm</subfield>
		</datafield>
		<datafield tag="655" ind1=" " ind2="7">
			<subfield code="a">Science-fiction</subfield>
		</datafield>
		<datafield tag="700" ind1="1" ind2=" ">
			<subfield code="a">Jennings, Garth</subfield>
			<subfield code="e">direction.</subfield>
		</datafield>
		<datafield tag="700" ind1="1" ind2=" ">
			<subfield code="a">Barber, Gary</subfield>
			<subfield code="e">production.</subfield>
		</datafield>
		<datafield tag="700" ind1="1" ind2=" ">
			<subfield code="a">Adams, Douglas</subfield>
			<subfield code="d">1952-2001,</subfield>
			<subfield code="e">writing,</subfield>
			<subfield code="e">production.</subfield>
			<subfield code="1">http://viaf.org/viaf/113230702</subfield>
		</datafield>
		<datafield tag="700" ind1="1" ind2=" ">
			<subfield code="a">Freeman, Martin</subfield>
			<subfield code="d">1971-</subfield>
			<subfield code="e">actor</subfield>
			<subfield code="1">http://viaf.org/viaf/88580583</subfield>
			<subfield code="4">act</subfield>
		</datafield>
		<datafield tag="700" ind1="1" ind2=" ">
			<subfield code="a">Mos Def</subfield>
			<subfield code="c">(Rapper),</subfield>
			<subfield code="e">cast.</subfield>
		</datafield>
		<datafield tag="700" ind1="1" ind2=" ">
			<subfield code="a">Rockwell, Sam</subfield>
			<subfield code="e">cast.</subfield>
		</datafield>
		<datafield tag="710" ind1="2" ind2=" ">
			<subfield code="a">Copyright Collection (Library of Congress)</subfield>
			<subfield code="5">DLC</subfield>
		</datafield>
	</record>