
	<record>
		<leader>01629cam a2200325 a 4500</leader>
		<controlfield tag="001">13964490</controlfield>
		<controlfield tag="005">20170509101315.0</controlfield>
		<controlfield tag="008">050513s2005 nyua 001 0 eng </controlfield>
		<datafield tag="020" ind1=" " ind2=" ">
			<subfield code="a">0307236013</subfield>
		</datafield>
		<datafield tag="082" ind1="0" ind2="0">
			<subfield code="a">428/.02/07</subfield>
			<subfield code="2">22</subfield>
		</datafield>
		<datafield tag="100" ind1="1" ind2=" ">
			<subfield code="a">Adams, Douglas</subfield>
			<subfield code="d">1952-2001 </subfield>
			<subfield code="q">(Douglas Noel)</subfield>
			<subfield code="1">http://viaf.org/viaf/113230702</subfield>
			<subfield code="4">aut</subfield>
		</datafield>
		<datafield tag="245" ind1="1" ind2="4">
			<subfield code="a">The deeper meaning of liff</subfield>
			<subfield code="b">a dictionary of things there aren't any words for yet- but there
				ought to be</subfield>
			<subfield code="c">Douglas Adams and John Lloyd ; illuminated by Bert
				Kitchen.</subfield>
		</datafield>
		<datafield tag="246" ind1="3" ind2="0">
			<subfield code="a">Deeper meaning of life</subfield>
		</datafield>
		<datafield tag="250" ind1=" " ind2=" ">
			<subfield code="a">1st pbk. ed.</subfield>
		</datafield>
		<datafield tag="260" ind1=" " ind2=" ">
			<subfield code="a">New York</subfield>
			<subfield code="b">Three Rivers Press</subfield>
			<subfield code="c">[2005?]</subfield>
		</datafield>
		<datafield tag="300" ind1=" " ind2=" ">
			<subfield code="a">156 s.</subfield>
			<subfield code="c">21 cm.</subfield>
		</datafield>
		<datafield tag="500" ind1=" " ind2=" ">
			<subfield code="a">"Originally published in hardcover in the United States by
				Harmony Books ... New York, in 1990 and in a slightly different form in Great
				Britain by Pan Books Limited and Faber & Faber Limited in 1990"-T.s.
				verso.</subfield>
		</datafield>
		<datafield tag="650" ind1=" " ind2="0">
			<subfield code="a">Engelsk språk</subfield>
			<subfield code="x">Terms and phrases</subfield>
			<subfield code="v">Humor</subfield>
		</datafield>
		<datafield tag="700" ind1="1" ind2=" ">
			<subfield code="a">Lloyd, John</subfield>
			<subfield code="d">1951-</subfield>
		</datafield>
	</record>