
	<record>
		<leader>01432cam a2200337 a 4500</leader>
		<controlfield tag="001">1107108</controlfield>
		<controlfield tag="005">20090209103234.0</controlfield>
		<controlfield tag="008">930524s1990 nyua 001 0 eng </controlfield>
		<datafield tag="020" ind1=" " ind2=" ">
			<subfield code="a">0517585979</subfield>
		</datafield>
		<datafield tag="082" ind1="0" ind2="0">
			<subfield code="a">428.1/0207</subfield>
			<subfield code="2">20</subfield>
		</datafield>
		<datafield tag="100" ind1="1" ind2=" ">
			<subfield code="a">Adams, Douglas</subfield>
			<subfield code="d">1952-2001</subfield>
			<subfield code="q">(Douglas Noel)</subfield>
			<subfield code="1">http://viaf.org/viaf/113230702</subfield>
			<subfield code="4">aut</subfield>
		</datafield>
		<datafield tag="245" ind1="1" ind2="4">
			<subfield code="a">The deeper meaning of liff</subfield>
			<subfield code="c">Douglas Adams and John Lloyd ; illuminated by Bert Kitchen</subfield>
		</datafield>
		<datafield tag="250" ind1=" " ind2=" ">
			<subfield code="a">1st American ed.</subfield>
		</datafield>
		<datafield tag="260" ind1=" " ind2=" ">
			<subfield code="a">New York</subfield>
			<subfield code="b">Harmony Books</subfield>
			<subfield code="c">c1990</subfield>
		</datafield>
		<datafield tag="300" ind1=" " ind2=" ">
			<subfield code="a">ix, 156 s.</subfield>
			<subfield code="b">ill. </subfield>
			<subfield code="c">22 cm</subfield>
		</datafield>
		<datafield tag="500" ind1=" " ind2=" ">
			<subfield code="a">Rev. ed. of: The meaning of liff. c1984</subfield>
		</datafield>
		<datafield tag="500" ind1=" " ind2=" ">
			<subfield code="a">Includes index.</subfield>
		</datafield>
		<datafield tag="650" ind1=" " ind2="0">
			<subfield code="a">Engelsk språk</subfield>
			<subfield code="x">Terms and phrases</subfield>
			<subfield code="v">Humor</subfield>
		</datafield>
		<datafield tag="700" ind1="1" ind2=" ">
			<subfield code="a">Lloyd, John</subfield>
			<subfield code="d">1951-</subfield>
		</datafield>
		<datafield tag="700" ind1="1" ind2="2">
			<subfield code="a">Adams, Douglas</subfield>
			<subfield code="d">1952-2001.</subfield>
			<subfield code="t">Meaning of liff.</subfield>
		</datafield>
	</record>