
	<record>
		<leader>01029cim a2200289 a 4500</leader>
		<controlfield tag="001">14881239</controlfield>
		<controlfield tag="005">20070822073701.0</controlfield>
		<controlfield tag="007">ss lunjlcmpncu</controlfield>
		<controlfield tag="008">970527s1997 caunnn f eng d</controlfield>
		<datafield tag="020" ind1=" " ind2=" ">
			<subfield code="a">0787111074</subfield>
		</datafield>
		<datafield tag="028" ind1="0" ind2="2">
			<subfield code="a">82450</subfield>
			<subfield code="b">Dove Audio</subfield>
		</datafield>
		<datafield tag="100" ind1="1" ind2=" ">
			<subfield code="a">Adams, Douglas</subfield>
			<subfield code="d">1952-2001 </subfield>
			<subfield code="q">(Douglas Noel)</subfield>
			<subfield code="1">http://viaf.org/viaf/113230702</subfield>
			<subfield code="4">aut</subfield>
		</datafield>
		<datafield tag="245" ind1="1" ind2="0">
			<subfield code="a">Dirk Gently's holistic detective agency</subfield>
			<subfield code="h">[sound recording] /</subfield>
			<subfield code="c">Douglas Adams</subfield>
		</datafield>
		<datafield tag="260" ind1=" " ind2=" ">
			<subfield code="a">Los Angeles, CA</subfield>
			<subfield code="b">Dove Audio</subfield>
			<subfield code="c">p1997</subfield>
		</datafield>
		<datafield tag="300" ind1=" " ind2=" ">
			<subfield code="a">4 sound cassettes (ca. 6 hrs.)</subfield>
			<subfield code="b">analog, Dolby processed</subfield>
		</datafield>
		<datafield tag="511" ind1="0" ind2=" ">
			<subfield code="a">Read by the author</subfield>
		</datafield>
		<datafield tag="500" ind1=" " ind2=" ">
			<subfield code="a">Unabridged</subfield>
		</datafield>
		<datafield tag="600" ind1=" " ind2="0">
			<subfield code="a">Gently, Dirk</subfield>
			<subfield code="c">(Fiktiv karakter)</subfield>
		</datafield>
		<datafield tag="655" ind1=" " ind2="0">
			<subfield code="a">Fantasy</subfield>
		</datafield>
	</record>