
	<record>
		<leader>00825cim a22002651a 4500</leader>
		<controlfield tag="001">12079549</controlfield>
		<controlfield tag="005">20150720172434.0</controlfield>
		<controlfield tag="007">ssulunjlbm-b-</controlfield>
		<controlfield tag="008">961121s1995 caunnn f eng d</controlfield>
		<datafield tag="020" ind1=" " ind2=" ">
			<subfield code="a">0787108960</subfield>
		</datafield>
		<datafield tag="028" ind1="0" ind2="2">
			<subfield code="a">43740</subfield>
			<subfield code="b">Dove</subfield>
		</datafield>
		<datafield tag="042" ind1=" " ind2=" ">
			<subfield code="a">lcderive</subfield>
		</datafield>
		<datafield tag="100" ind1="1" ind2=" ">
			<subfield code="a">Adams, Douglas</subfield>
			<subfield code="d">1952-2001</subfield>
			<subfield code="q">(Douglas Noel)</subfield>
			<subfield code="1">http://viaf.org/viaf/113230702</subfield>
			<subfield code="4">aut</subfield>
		</datafield>
		<datafield tag="245" ind1="1" ind2="4">
			<subfield code="a">The hitch-hiker's guide to the galaxy</subfield>
			<subfield code="h">[sound recording] /</subfield>
			<subfield code="c">by Douglas Adams</subfield>
		</datafield>
		<datafield tag="260" ind1=" " ind2=" ">
			<subfield code="a">Los Angeles, Calif</subfield>
			<subfield code="b">Dove Audio</subfield>
			<subfield code="c">1995</subfield>
		</datafield>
		<datafield tag="300" ind1=" " ind2=" ">
			<subfield code="a">2 sound cassettes (ca. 150 min.)</subfield>
			<subfield code="b">Dolby, digital, 1 7/8 ips.</subfield>
		</datafield>
		<datafield tag="500" ind1=" " ind2=" ">
			<subfield code="a">In container (18 cm.)</subfield>
		</datafield>
		<datafield tag="655" ind1=" " ind2="4">
			<subfield code="a">Science-fiction</subfield>
		</datafield>
		<datafield tag="653" ind1=" " ind2=" ">
			<subfield code="a">Humoristisk</subfield>
		</datafield>
		<datafield tag="740" ind1="4" ind2=" ">
			<subfield code="a">The hitchhiker's guide to the galaxy</subfield>
		</datafield>
	</record>