
	<record>
		<leader>01211cam a22003257a 4500</leader>
		<controlfield tag="001">16862434</controlfield>
		<controlfield tag="005">20140905143956.0</controlfield>
		<controlfield tag="008">110708s2009 nyu 000 1 eng d</controlfield>
		<datafield tag="020" ind1=" " ind2=" ">
			<subfield code="a">9780345418913 </subfield>
		</datafield>
		<datafield tag="042" ind1=" " ind2=" ">
			<subfield code="a">lccopycat</subfield>
		</datafield>
		<datafield tag="082" ind1="0" ind2="4">
			<subfield code="a">823/.914</subfield>
			<subfield code="2">22</subfield>
		</datafield>
		<datafield tag="100" ind1="1" ind2=" ">
			<subfield code="a">Adams, Douglas</subfield>
			<subfield code="d">1952-2001</subfield>
			<subfield code="q">(Douglas Noel)</subfield>
			<subfield code="1">http://viaf.org/viaf/113230702</subfield>
			<subfield code="4">aut</subfield>
		</datafield>
		<datafield tag="240" ind1="1" ind2="0">
			<subfield code="a">Hitchhiker's guide to the galaxy (Novel)</subfield>
		</datafield>
		<datafield tag="245" ind1="1" ind2="4">
			<subfield code="a">The hitchhiker's guide to the galaxy /</subfield>
			<subfield code="c">Douglas Adams.</subfield>
		</datafield>
		<datafield tag="250" ind1=" " ind2=" ">
			<subfield code="a">Del Rey trade pbk. ed.</subfield>
		</datafield>
		<datafield tag="260" ind1=" " ind2=" ">
			<subfield code="a">New York</subfield>
			<subfield code="b">Ballantine Books</subfield>
			<subfield code="c">2009</subfield>
		</datafield>
		<datafield tag="300" ind1=" " ind2=" ">
			<subfield code="a">ix, 192 s.</subfield>
			<subfield code="c">21 cm</subfield>
		</datafield>
		<datafield tag="520" ind1=" " ind2=" ">
			<subfield code="a">Chronicles the off-beat and occasionally extraterrestrial journeys,
				notions, and acquaintances of galactic traveler Arthur Dent.</subfield>
		</datafield>
		<datafield tag="600" ind1="1" ind2="0">
			<subfield code="a">Prefect, Ford</subfield>
			<subfield code="c">(Fiktiv karakter)</subfield>
		</datafield>
		<datafield tag="600" ind1="1" ind2="0">
			<subfield code="a">Dent, Arthur</subfield>
			<subfield code="c">(Fiktiv karakter)</subfield>
		</datafield>
		<datafield tag="653" ind1=" " ind2=" ">
			<subfield code="a">Humoristisk</subfield>
		</datafield>
		<datafield tag="655" ind1=" " ind2="4">
			<subfield code="a">Science-fiction</subfield>
		</datafield>
	</record>