
	<record>
		<leader>03581cgm a22005657a 4500</leader>
		<controlfield tag="001">20157053</controlfield>
		<controlfield tag="005">20171129092129.0</controlfield>
		<controlfield tag="007">mr cdaafqnarp|||c-</controlfield>
		<controlfield tag="008">171129s2007 xxu115 maeng </controlfield>
		<datafield tag="130" ind1="0" ind2=" ">
			<subfield code="a">Beowulf (Motion picture : 2007)</subfield>
		</datafield>
		<datafield tag="245" ind1="1" ind2="0">
			<subfield code="a">Beowulf</subfield>
			<subfield code="c">a Paramount presentation, in association with ShangriLa
				Entertainment, of an ImageMovers production ; directed by Robert Zemeckis ; produced
				by Steve Starkey, Robert Zemeckis, Jack Rapke ; screenplay by Neil Gaiman &
				Roger Avary.</subfield>
		</datafield>
		<datafield tag="257" ind1=" " ind2=" ">
			<subfield code="a">USA</subfield>
		</datafield>
		<datafield tag="260" ind1=" " ind2=" ">
			<subfield code="a">United States</subfield>
			<subfield code="b">Paramount Pictures</subfield>
			<subfield code="c">2007</subfield>
		</datafield>
		<datafield tag="300" ind1=" " ind2=" ">
			<subfield code="3">viewing print</subfield>
			<subfield code="a">12 film reels of 12 on 6 (115 min., 10,350 ft.)</subfield>
			<subfield code="b">anamorphic, sd., col.</subfield>
			<subfield code="c">35 mm</subfield>
		</datafield>
		<datafield tag="500" ind1=" " ind2=" ">
			<subfield code="a">Based on the epic poem</subfield>
		</datafield>
		<datafield tag="511" ind1="1" ind2=" ">
			<subfield code="a">Ray Winstone, Crispin Glover, Angelina Jolie</subfield>
		</datafield>
		<datafield tag="508" ind1=" " ind2=" ">
			<subfield code="a">Executive producers, Martin Shafer, Roger Avary, Neil Gaiman ;
				camera, Robert Presley ; editor, Jeremiah O'Driscoll ; music, Alan Silvestri ;
				original songs, Glen Ballard, Alan Silvestri ; production designer, Doug Chiang ;
				supervising art director, Norm Newberry ; art director, Greg Papalia ; set designer,
				Scott Herbertson ; set decorator, Karen O'Hara ; costume designer, Gabriella
				Pescucci ; sound, William B. Kaplan ; sound designer, Randy Thom ; supervising sound
				editor, Dennis Leonard.</subfield>
		</datafield>
		<datafield tag="500" ind1=" " ind2=" ">
			<subfield code="a">Aspect ratio is 2.35:1</subfield>
		</datafield>
		<datafield tag="520" ind1=" " ind2=" ">
			<subfield code="a">"Inspired by the epic Old English poem of the same name,
				director Robert Zemeckis's digitally rendered film follows the Scandinavian hero
				Beowulf (Ray Winstone) as he fights to protect the Danes from a ferocious beast
				named Grendel (Crispin Glover). Though at first Grendel seems invincible, Beowulf
				eventually manages to defeat him in a desperate battle to the death. Devastated by
				her son's violent demise at the hands of Beowulf, Grendel's mother (Angelina Jolie)
				sets out in search of revenge. Later, Beowulf faces the biggest challenge of his
				life when he attempts to slay a powerful dragon. Anthony Hopkins, Robin Wright Penn,
				Alison Lohman, John Malkovich, and Brendan Gleeson co-star in an epic fantasy
				adventure penned by Roger Avary and Neil Gaiman"-Allmovie.com, viewed November
				29, 2017.</subfield>
		</datafield>
		<datafield tag="521" ind1="8" ind2=" ">
			<subfield code="a">MPAA rating: PG-13</subfield>
		</datafield>
		<datafield tag="500" ind1=" " ind2=" ">
			<subfield code="a">Not viewed</subfield>
		</datafield>
		<datafield tag="500" ind1=" " ind2=" ">
			<subfield code="a">Sources used: Internet movie database, November 29, 2017; Variety,
				November 12-18, 2007; Copyright catalog online.</subfield>
		</datafield>
		<datafield tag="600" ind1="0" ind2="0">
			<subfield code="a">Beowulf</subfield>
			<subfield code="c">King of the Geats</subfield>
		</datafield>
		<datafield tag="600" ind1="0" ind2="4">
			<subfield code="a">Grendel</subfield>
			<subfield code="c">(Monster)</subfield>
		</datafield>
		<datafield tag="650" ind1=" " ind2="0">
			<subfield code="a">Northmen</subfield>
			<subfield code="x">Kings and rulers</subfield>
		</datafield>
		<datafield tag="655" ind1=" " ind2="4">
			<subfield code="a">Fantasy</subfield>
		</datafield>
		<datafield tag="700" ind1="1" ind2=" ">
			<subfield code="a">Zemeckis, Robert</subfield>
			<subfield code="d">1952-</subfield>
			<subfield code="e">direction,</subfield>
			<subfield code="e">production.</subfield>
		</datafield>
		<datafield tag="700" ind1="1" ind2=" ">
			<subfield code="a">Starkey, Steve,</subfield>
			<subfield code="e">production.</subfield>
		</datafield>
		<datafield tag="700" ind1="1" ind2=" ">
			<subfield code="a">Rapke, Jack</subfield>
			<subfield code="e">production.</subfield>
		</datafield>
		<datafield tag="700" ind1="1" ind2=" ">
			<subfield code="a">Gaiman, Neil</subfield>
			<subfield code="e">Manusforfatter</subfield>
			<subfield code="4">aus</subfield>
			<subfield code="1">http://viaf.org/viaf/103859257</subfield>
		</datafield>
		<datafield tag="700" ind1="1" ind2=" ">
			<subfield code="a">Avary, Roger,</subfield>
			<subfield code="e">Manusforfatter</subfield>
			<subfield code="4">aus</subfield>
		</datafield>
		<datafield tag="700" ind1="1" ind2=" ">
			<subfield code="a">Winstone, Ray,</subfield>
			<subfield code="d">1957-</subfield>
			<subfield code="e">voice.</subfield>
		</datafield>
		<datafield tag="700" ind1="1" ind2=" ">
			<subfield code="a">Glover, Crispin,</subfield>
			<subfield code="e">voice.</subfield>
		</datafield>
		<datafield tag="700" ind1="1" ind2=" ">
			<subfield code="a">Jolie, Angelina,</subfield>
			<subfield code="d">1975-</subfield>
			<subfield code="e">voice.</subfield>
		</datafield>
		<datafield tag="710" ind1="2" ind2=" ">
			<subfield code="a">Paramount Pictures Corporation.</subfield>
		</datafield>
		<datafield tag="710" ind1="2" ind2=" ">
			<subfield code="a">Shangri-La Entertainment (Firm)</subfield>
		</datafield>
		<datafield tag="710" ind1="2" ind2=" ">
			<subfield code="a">ImageMovers (Firm)</subfield>
		</datafield>
		<datafield tag="710" ind1="2" ind2=" ">
			<subfield code="a">Copyright Collection (Library of Congress)</subfield>
			<subfield code="5">DLC</subfield>
		</datafield>
		<datafield tag="730" ind1="0" ind2=" ">
			<subfield code="a">Beowulf.</subfield>
		</datafield>
		<datafield tag="786" ind1="1" ind2="8">
			<subfield code="t">Beowulf</subfield>
			<subfield code="w">(DLC) 1876293</subfield>
			<subfield code="n">MAVIS</subfield>
		</datafield>
	</record>