
	<record>
		<leader>01486cas a2200421 a 4500</leader>
		<controlfield tag="001">15843477</controlfield>
		<controlfield tag="005">20160401092517.0</controlfield>
		<controlfield tag="008">090730d19901991nyuuu p 0 a0eng </controlfield>
		<datafield tag="022" ind1="0" ind2=" ">
			<subfield code="a">2152-3576</subfield>
			<subfield code="l">2152-3576</subfield>
			<subfield code="2">1</subfield>
		</datafield>
		<datafield tag="042" ind1=" " ind2=" ">
			<subfield code="a">pcc</subfield>
			<subfield code="a">nsdp</subfield>
		</datafield>
		<datafield tag="082" ind1="1" ind2="0">
			<subfield code="a">741.5</subfield>
			<subfield code="2">14</subfield>
		</datafield>
		<datafield tag="222" ind1=" " ind2="4">
			<subfield code="a">The books of magic</subfield>
			<subfield code="b">(1990)</subfield>
		</datafield>
		<datafield tag="245" ind1="0" ind2="4">
			<subfield code="a">The books of magic</subfield>
		</datafield>
		<datafield tag="260" ind1=" " ind2=" ">
			<subfield code="a">New York, NY</subfield>
			<subfield code="b">DC Comics</subfield>
			<subfield code="c">1990-1991</subfield>
		</datafield>
		<datafield tag="300" ind1=" " ind2=" ">
			<subfield code="a">4 no.</subfield>
			<subfield code="b">col. ill.</subfield>
			<subfield code="c">26 cm</subfield>
		</datafield>
		<datafield tag="362" ind1="0" ind2=" ">
			<subfield code="a">Bk. 1 (1990)-bk. 4 (1991)</subfield>
		</datafield>
		<datafield tag="500" ind1=" " ind2=" ">
			<subfield code="a">Title from indicia</subfield>
		</datafield>
		<datafield tag="500" ind1=" " ind2=" ">
			<subfield code="a">Created by Neil Gaiman (writer) and John Bolton
				(illustrator).</subfield>
		</datafield>
		<datafield tag="653" ind1=" " ind2=" ">
			<subfield code="a">Magi</subfield>
		</datafield>
		<datafield tag="653" ind1=" " ind2=" ">
			<subfield code="a">Trollmenn</subfield>
		</datafield>
		<datafield tag="653" ind1=" " ind2=" ">
			<subfield code="a">Okkultisme</subfield>
		</datafield>
		<datafield tag="655" ind1=" " ind2="4">
			<subfield code="a">Fantasy</subfield>
		</datafield>
		<datafield tag="655" ind1=" " ind2="4">
			<subfield code="a">Tegneserier</subfield>
		</datafield>
		<datafield tag="700" ind1="1" ind2=" ">
			<subfield code="a">Gaiman, Neil</subfield>
			<subfield code="1">http://viaf.org/viaf/103859257</subfield>
			<subfield code="e">Forfatter</subfield>
			<subfield code="4">aut</subfield>
		</datafield>
		<datafield tag="700" ind1="1" ind2=" ">
			<subfield code="a">Bolton, John</subfield>
			<subfield code="d">1951-</subfield>
			<subfield code="e">Illustratør</subfield>
			<subfield code="4">ill</subfield>
			<subfield code="1">http://viaf.org/viaf/41859188</subfield>
		</datafield>
	</record>