
	<record>
		<leader>00979cam a2200277 a 4500</leader>
		<controlfield tag="001">3998682</controlfield>
		<controlfield tag="005">19990226140342.6</controlfield>
		<controlfield tag="008">960612s1996 nyua 000 1 eng </controlfield>
		<datafield tag="020" ind1=" " ind2=" ">
			<subfield code="a">0061008338</subfield>
		</datafield>
		<datafield tag="082" ind1="0" ind2="0">
			<subfield code="a">813/.0876608</subfield>
			<subfield code="2">20</subfield>
		</datafield>
		<datafield tag="245" ind1="0" ind2="4">
			<subfield code="a">The Sandman</subfield>
			<subfield code="b">book of dreams</subfield>
			<subfield code="c">edited by Neil Gaiman and Edward E. Kramer</subfield>
		</datafield>
		<datafield tag="260" ind1=" " ind2=" ">
			<subfield code="a">New York</subfield>
			<subfield code="b">HarperPrism</subfield>
			<subfield code="c">1996</subfield>
		</datafield>
		<datafield tag="300" ind1=" " ind2=" ">
			<subfield code="a">293 s.</subfield>
			<subfield code="b">ill.</subfield>
			<subfield code="c">24 cm</subfield>
		</datafield>
		<datafield tag="500" ind1=" " ind2=" ">
			<subfield code="a">Short stories based on the comic book series The Sandman.</subfield>
		</datafield>
		<datafield tag="655" ind1=" " ind2="4">
			<subfield code="a">Fantasy</subfield>
		</datafield>
		<datafield tag="700" ind1="1" ind2=" ">
			<subfield code="a">Gaiman, Neil</subfield>
			<subfield code="1">http://viaf.org/viaf/103859257</subfield>
		</datafield>
		<datafield tag="700" ind1="1" ind2=" ">
			<subfield code="a">Kramer, Edward E.</subfield>
		</datafield>
		<datafield tag="730" ind1="0" ind2=" ">
			<subfield code="a">Sandman.</subfield>
		</datafield>
	</record>