
	<record>
		<leader>03674cgm a22005417a 4500</leader>
		<controlfield tag="001">15199537</controlfield>
		<controlfield tag="005">20150723114025.0</controlfield>
		<controlfield tag="007">mr c|aaf|nara||ac-</controlfield>
		<controlfield tag="008">080229s2007 xxu125 mleng </controlfield>
		<datafield tag="044" ind1=" " ind2=" ">
			<subfield code="a">xxu</subfield>
			<subfield code="a">xxk</subfield>
		</datafield>
		<datafield tag="245" ind1="0" ind2="0">
			<subfield code="a">Stardust</subfield>
			<subfield code="c">a Paramount presentation, in association with MARV Films, of a
				Matthew Vaughn/Lorenzo di Bonaventura production ; directed by Matthew Vaughn ;
				produced by Matthew Vaughn, Lorenzo di Bonaventura, Michael Dreyer, Neil Gaiman ;
				screenplay, Matthew Vaughn, Jane Goldman.</subfield>
		</datafield>
		<datafield tag="257" ind1=" " ind2=" ">
			<subfield code="a">USA ; Storbritania</subfield>
		</datafield>
		<datafield tag="260" ind1=" " ind2=" ">
			<subfield code="a">United States</subfield>
			<subfield code="b">Paramount Pictures</subfield>
			<subfield code="c">2007</subfield>
		</datafield>
		<datafield tag="300" ind1=" " ind2=" ">
			<subfield code="a">13 film reels of 13 on 7 (ca. 125 min., ca. 11,250 ft.)</subfield>
			<subfield code="b">sd., col.</subfield>
			<subfield code="c">35 mm</subfield>
			<subfield code="3">viewing print.</subfield>
		</datafield>
		<datafield tag="500" ind1=" " ind2=" ">
			<subfield code="a">Copyright Claimant: Paramount Pictures Corporation. Pre-existing
				Material: Book entitled Stardust written by Neil Gaiman. Some previously published
				musical compositions, and sound recordings; screenplay. Basis of Claim: Entire
				motion picture, including audio, visual and other cinematographic material other
				than the material set forth in "Material excluded from this claim". Date
				of Creation: 2007; Date of Publication: August 10, 2007; Registration Number / Date:
				PA0001354984 / 2007-08-10.</subfield>
		</datafield>
		<datafield tag="508" ind1=" " ind2=" ">
			<subfield code="a">Executive producers, David Womark, Kris Thykier, Peter Morton,
				Stephen Marks ; camera, Ben Davis ; editing, Jon Harris ; music, Ilan
				Eshkeri.</subfield>
		</datafield>
		<datafield tag="511" ind1="1" ind2=" ">
			<subfield code="a">Claire Danes, Michelle Pfeiffer, Robert De Niro, Charlie Cox, Sienna
				Miller, Ricky Gervais, Jason Flemyng, Rupert Everett, Peter O'Toole, Mark Strong,
				Kate Magowan.</subfield>
		</datafield>
		<datafield tag="520" ind1=" " ind2=" ">
			<subfield code="a">Tristan hopes to win the heart of his beautiful, but shallow love,
				Victoria. He promises to recover a star that fell somewhere beyond the stony wall
				that sets between the mundane England and the fantasy kingdom of Stormhold. So
				Tristan sets forth on his own journey in Stormhold. Meanwhile in that magical land,
				the dying king has set his four surviving sons on a quest for the crown, and the
				witch Lamia is seeking the heart of the star for an entirely different purpose, one
				that involves her secret power.</subfield>
		</datafield>
		<datafield tag="500" ind1=" " ind2=" ">
			<subfield code="a">Summary adapted from FirstSearch, OCLC 173620705, viewed Feb. 29,
				2008.</subfield>
		</datafield>
		<datafield tag="500" ind1=" " ind2=" ">
			<subfield code="a">Based on the novel by Neil Gaiman.</subfield>
		</datafield>
		<datafield tag="521" ind1="8" ind2=" ">
			<subfield code="a">MPAA rating: PG-13.</subfield>
		</datafield>
		<datafield tag="500" ind1=" " ind2=" ">
			<subfield code="a">Not viewed.</subfield>
		</datafield>
		<datafield tag="500" ind1=" " ind2=" ">
			<subfield code="a">Sources used: copyright database; Variety Web site, review posted
				Aug. 1, 2007, viewed Feb. 29, 2008; Internet movie database, viewed Feb. 29, 2008;
				FirstSearch, OCLC 173620705, viewed Feb. 29, 2008.</subfield>
		</datafield>
		<datafield tag="541" ind1=" " ind2=" ">
			<subfield code="d">Received: 2/12/2008;</subfield>
			<subfield code="3">viewing print;</subfield>
			<subfield code="c">copyright deposit;</subfield>
			<subfield code="a">Copyright Collection.</subfield>
		</datafield>
		<datafield tag="655" ind1=" " ind2="4">
			<subfield code="a">Romantisk</subfield>
		</datafield>
		<datafield tag="655" ind1=" " ind2="4">
			<subfield code="a">Fantasy</subfield>
		</datafield>
		<datafield tag="655" ind1=" " ind2="4">
			<subfield code="a">Drama</subfield>
		</datafield>
		<datafield tag="700" ind1="1" ind2=" ">
			<subfield code="a">Vaughn, Matthew,</subfield>
			<subfield code="d">1971-</subfield>
			<subfield code="e">direction,</subfield>
			<subfield code="e">production,</subfield>
			<subfield code="e">writing.</subfield>
		</datafield>
		<datafield tag="700" ind1="1" ind2=" ">
			<subfield code="a">Di Bonaventura, Lorenzo,</subfield>
			<subfield code="e">production.</subfield>
		</datafield>
		<datafield tag="700" ind1="1" ind2=" ">
			<subfield code="a">Dreyer, Michael</subfield>
			<subfield code="e">production.</subfield>
		</datafield>
		<datafield tag="700" ind1="1" ind2=" ">
			<subfield code="a">Gaiman, Neil</subfield>
			<subfield code="e">production.</subfield>
			<subfield code="1">http://viaf.org/viaf/103859257</subfield>
		</datafield>
		<datafield tag="700" ind1="1" ind2=" ">
			<subfield code="a">Goldman, Jane,</subfield>
			<subfield code="d">1970-</subfield>
			<subfield code="e">writing.</subfield>
		</datafield>
		<datafield tag="700" ind1="1" ind2=" ">
			<subfield code="a">Danes, Claire,</subfield>
			<subfield code="d">1979-</subfield>
			<subfield code="e">cast.</subfield>
		</datafield>
		<datafield tag="700" ind1="1" ind2=" ">
			<subfield code="a">Pfeiffer, Michelle,</subfield>
			<subfield code="d">1957-</subfield>
			<subfield code="e">cast.</subfield>
		</datafield>
		<datafield tag="700" ind1="1" ind2=" ">
			<subfield code="a">De Niro, Robert</subfield>
			<subfield code="e">cast.</subfield>
		</datafield>
		<datafield tag="700" ind1="1" ind2=" ">
			<subfield code="a">Gaiman, Neil</subfield>
			<subfield code="t">Stardust</subfield>
			<subfield code='1'>https://viaf.org/viaf/313954579</subfield>
			<subfield code="i">Basert på</subfield>
			<subfield code="4">http://rdaregistry.info/Elements/w/P10155</subfield>
		</datafield>
		<datafield tag="710" ind1="2" ind2=" ">
			<subfield code="a">Paramount Pictures Corporation.</subfield>
		</datafield>
		<datafield tag="710" ind1="2" ind2=" ">
			<subfield code="a">Marv Films.</subfield>
		</datafield>
		<datafield tag="710" ind1="2" ind2=" ">
			<subfield code="a">Di Bonaventura Pictures</subfield>
		</datafield>
		<datafield tag="710" ind1="2" ind2=" ">
			<subfield code="a">Copyright Collection (Library of Congress)</subfield>
			<subfield code="5">DLC</subfield>
		</datafield>
	</record>