
	<record>
		<leader>01444cam a2200289 a 4500</leader>
		<controlfield tag="001">994021</controlfield>
		<controlfield tag="005">20110518113719.0</controlfield>
		<controlfield tag="008">860325s1979 wiua 001 0 eng </controlfield>
		<datafield tag="020" ind1=" " ind2=" ">
			<subfield code="a">0935696024</subfield>
		</datafield>
		<datafield tag="082" ind1="0" ind2="0">
			<subfield code="a">794</subfield>
			<subfield code="2">19</subfield>
		</datafield>
		<datafield tag="100" ind1="1" ind2=" ">
			<subfield code="a">Gygax, Gary</subfield>
			<subfield code="d">1938- </subfield>
			<subfield code="q">(Ernest Gary)</subfield>
			<subfield code="1">http://viaf.org/viaf/15495536</subfield>
			<subfield code="4">aut</subfield>
		</datafield>
		<datafield tag="245" ind1="1" ind2="0">
			<subfield code="a">Advanced dungeons & dragons, dungeon masters guide :</subfield>
			<subfield code="b">special reference work : a compiled volume of information primarily
				used by Advanced dungeons & dragons game referees, including combat tables,
				monster lists and encounters, treasure and magic tables and descriptions, random
				dungeon generation, random wilderness terrain generation, suggestions on
				gamemastering, and more /</subfield>
			<subfield code="c">by Gary Gygax ; illustrations by David C. Sutherland III ... [et
				al.].</subfield>
		</datafield>
		<datafield tag="250" ind1=" " ind2=" ">
			<subfield code="a">Rev. ed.</subfield>
		</datafield>
		<datafield tag="260" ind1=" " ind2=" ">
			<subfield code="a">Lake Geneva, WI :</subfield>
			<subfield code="b">TSR ;</subfield>
			<subfield code="a">[New York] :</subfield>
			<subfield code="b">Distributed in the United States by Random House,</subfield>
			<subfield code="c">1979.</subfield>
		</datafield>
		<datafield tag="300" ind1=" " ind2=" ">
			<subfield code="a">238 s.</subfield>
			<subfield code="b">ill.</subfield>
			<subfield code="c">29 cm</subfield>
		</datafield>
		<datafield tag="500" ind1=" " ind2=" ">
			<subfield code="a">Cover title: Official advanced dungeons & dragons.</subfield>
		</datafield>
		<datafield tag="500" ind1=" " ind2=" ">
			<subfield code="a">Includes index.</subfield>
		</datafield>
		<datafield tag="650" ind1=" " ind2="0">
			<subfield code="a">Dungeons and Dragons (Spill)</subfield>
		</datafield>
		<datafield tag="655" ind1=" " ind2="4">
			<subfield code="a">Fantasy</subfield>
		</datafield>
		<datafield tag="740" ind1="0" ind2=" ">
			<subfield code="a">Advanced dungeons and dragons, dungeon master guide.</subfield>
		</datafield>
		<datafield tag="740" ind1="0" ind2=" ">
			<subfield code="a">Official advanced dungeons & dragons.</subfield>
		</datafield>
		<datafield tag="740" ind1="0" ind2=" ">
			<subfield code="a">Official advanced dungeons and dragons.</subfield>
		</datafield>
	</record>