
	<record>
		<leader>00858cam a22002653a 4500</leader>
		<controlfield tag="001">16391988</controlfield>
		<controlfield tag="005">20110623160021.0</controlfield>
		<controlfield tag="008">980421s1985 xxu 000 1 eng </controlfield>
		<datafield tag="020" ind1=" " ind2=" ">
			<subfield code="a">0671554875</subfield>
		</datafield>
		<datafield tag="100" ind1="1" ind2=" ">
			<subfield code="a">Gygax, Gary</subfield>
			<subfield code="d">1938- </subfield>
			<subfield code="q">(Ernest Gary)</subfield>
			<subfield code="1">http://viaf.org/viaf/15495536</subfield>
			<subfield code="4">aut</subfield>
		</datafield>
		<datafield tag="245" ind1="1" ind2="4">
			<subfield code="a">The ice dragon</subfield>
			<subfield code="c">by Gary Gygax and Flint Dille</subfield>
		</datafield>
		<datafield tag="260" ind1=" " ind2=" ">
			<subfield code="a">New York</subfield>
			<subfield code="b">Archway Paperbacks</subfield>
			<subfield code="c">c1985</subfield>
		</datafield>
		<datafield tag="300" ind1=" " ind2=" ">
			<subfield code="a">1 v.</subfield>
		</datafield>
		<datafield tag="490" ind1="0" ind2=" ">
			<subfield code="a">Sagard the Barbarian gamebook</subfield>
			<subfield code="v">no. 1</subfield>
		</datafield>
		<datafield tag="490" ind1="0" ind2=" ">
			<subfield code="a">Hero's Challenge</subfield>
		</datafield>
		<datafield tag="655" ind1=" " ind2="4">
			<subfield code="a">Fantasy</subfield>
		</datafield>
		<datafield tag="700" ind1="1" ind2=" ">
			<subfield code="a">Dille, Flint</subfield>
		</datafield>
		<datafield tag="710" ind1="2" ind2=" ">
			<subfield code="a">Copyright Paperback Collection (Library of Congress)</subfield>
			<subfield code="5">DLC</subfield>
		</datafield>
	</record>