
	<record>
		<leader>01313cam a22002893a 4500</leader>
		<controlfield tag="001">14547477</controlfield>
		<controlfield tag="005">20060912132857.0</controlfield>
		<controlfield tag="008">880211s1987 wiu 000 1 eng d</controlfield>
		<datafield tag="042" ind1=" " ind2=" ">
			<subfield code="a">lccopycat</subfield>
		</datafield>
		<datafield tag="020" ind1=" " ind2=" ">
			<subfield code="a">044129863X</subfield>
		</datafield>
		<datafield tag="100" ind1="1" ind2=" ">
			<subfield code="a">Gygax, Gary</subfield>
			<subfield code="d">1938- </subfield>
			<subfield code="q">(Ernest Gary)</subfield>
			<subfield code="1">http://viaf.org/viaf/15495536</subfield>
			<subfield code="4">aut</subfield>
		</datafield>
		<datafield tag="245" ind1="1" ind2="0">
			<subfield code="a">Night arrant</subfield>
			<subfield code="b">a collection of short stories featuring Gord, his friends, and his
				foes</subfield>
			<subfield code="c">Gary Gygax ; illustrated by Jerry Tiritilli ; edited by Pamela
				O'Neill</subfield>
		</datafield>
		<datafield tag="260" ind1=" " ind2=" ">
			<subfield code="a">Lake Geneva, Wis.</subfield>
			<subfield code="b">New Infinities Productions</subfield>
			<subfield code="a">New York</subfield>
			<subfield code="b">Distributed by Berkley</subfield>
			<subfield code="c">1987</subfield>
		</datafield>
		<datafield tag="300" ind1=" " ind2=" ">
			<subfield code="a">398 s.</subfield>
			<subfield code="c">18 cm</subfield>
		</datafield>
		<datafield tag="490" ind1="0" ind2=" ">
			<subfield code="a">Gord the rogue</subfield>
		</datafield>
		<datafield tag="490" ind1="0" ind2=" ">
			<subfield code="a">Ace fantasy</subfield>
		</datafield>
		<datafield tag="505" ind1="0" ind2=" ">
			<subfield code="a">The heart of darkness - The weird occurrence in Odd Alley - A revel
				in Rel Mord - The five dragon bowl - Twistbuck's game - The house in the tree -
				Cats versus rats - Love laughs at locks - Cat or pigeon?</subfield>
		</datafield>
		<datafield tag="655" ind1=" " ind2="4">
			<subfield code="a">Fantasy</subfield>
		</datafield>
		<datafield tag="710" ind1="2" ind2=" ">
			<subfield code="a">Copyright Paperback Collection (Library of Congress)</subfield>
			<subfield code="5">DLC</subfield>
		</datafield>
	</record>