
	<record>
		<leader>01062cam a2200289 a 4500</leader>
		<controlfield tag="001">4301389</controlfield>
		<controlfield tag="005">20130429090948.0</controlfield>
		<controlfield tag="008">860305s1985 wiua j b 000 0 eng </controlfield>
		<datafield tag="020" ind1=" " ind2=" ">
			<subfield code="a">0880380993</subfield>
		</datafield>
		<datafield tag="082" ind1="0" ind2="0">
			<subfield code="a">794</subfield>
			<subfield code="2">19</subfield>
		</datafield>
		<datafield tag="100" ind1="1" ind2=" ">
			<subfield code="a">Gygax, Gary</subfield>
			<subfield code="d">1938- </subfield>
			<subfield code="q">(Ernest Gary)</subfield>
			<subfield code="1">http://viaf.org/viaf/15495536</subfield>
			<subfield code="4">aut</subfield>
		</datafield>
		<datafield tag="245" ind1="1" ind2="0">
			<subfield code="a">Oriental adventures</subfield>
			<subfield code="c">Gary Gygax ; with David Cook and Francois
				Marcela-Froideval</subfield>
		</datafield>
		<datafield tag="260" ind1=" " ind2=" ">
			<subfield code="a">Lake Geneva, WI</subfield>
			<subfield code="b">TSR</subfield>
			<subfield code="b">Distributed by Random House</subfield>
			<subfield code="c">c1985</subfield>
		</datafield>
		<datafield tag="300" ind1=" " ind2=" ">
			<subfield code="a">144 s.</subfield>
			<subfield code="b">ill.</subfield>
			<subfield code="c">29 cm</subfield>
		</datafield>
		<datafield tag="500" ind1=" " ind2=" ">
			<subfield code="a">On cover: Official advanced dungeons & dragons.</subfield>
		</datafield>
		<datafield tag="504" ind1=" " ind2=" ">
			<subfield code="a">Bibliography: s. 144.</subfield>
		</datafield>
		<datafield tag="650" ind1=" " ind2="0">
			<subfield code="a">Dungeons and Dragons (Spill)</subfield>
			<subfield code="v">Ungdomslitteratur</subfield>
		</datafield>
		<datafield tag="700" ind1="1" ind2=" ">
			<subfield code="a">Cook, David</subfield>
			<subfield code="d">active 1971-</subfield>
		</datafield>
		<datafield tag="700" ind1="2" ind2=" ">
			<subfield code="a">Marcela-Froideval, Francois.</subfield>
		</datafield>
		<datafield tag="740" ind1="0" ind2=" ">
			<subfield code="a">Official advanced dungeons and dragons.</subfield>
		</datafield>
		<datafield tag="740" ind1="0" ind2=" ">
			<subfield code="a">Official advanced dungeons & dragons.</subfield>
		</datafield>
	</record>