
	<record>
		<leader>01478cam a2200289 a 4500</leader>
		<controlfield tag="001">13841896</controlfield>
		<controlfield tag="005">20140905143952.0</controlfield>
		<controlfield tag="008">050113s2005 txu 000 0 eng </controlfield>
		<datafield tag="020" ind1=" " ind2=" ">
			<subfield code="a">1932100563</subfield>
		</datafield>
		<datafield tag="043" ind1=" " ind2=" ">
			<subfield code="a">e-uk-</subfield>
		</datafield>
		<datafield tag="082" ind1="0" ind2="0">
			<subfield code="a">823/.914</subfield>
			<subfield code="2">22</subfield>
		</datafield>
		<datafield tag="245" ind1="0" ind2="4">
			<subfield code="a">The anthology at the end of the universe</subfield>
			<subfield code="b">leading science fiction authors on Douglas Adams' The hitchhiker's
				guide to the galaxy /</subfield>
			<subfield code="c">edited by Glenn Yeffeth.</subfield>
		</datafield>
		<datafield tag="260" ind1=" " ind2=" ">
			<subfield code="a">Dallas</subfield>
			<subfield code="b">BenBella Books</subfield>
			<subfield code="a">[Chicago]</subfield>
			<subfield code="b">Distributed by Independents Publishers Group</subfield>
			<subfield code="c">2005</subfield>
		</datafield>
		<datafield tag="300" ind1=" " ind2=" ">
			<subfield code="a">199 s.</subfield>
			<subfield code="c">23 cm.</subfield>
		</datafield>
		<datafield tag="600" ind1="1" ind2="0">
			<subfield code="a">Adams, Douglas</subfield>
			<subfield code="d">1952-2001</subfield>
			<subfield code="t">Hitchhiker's guide to the galaxy (Novel)</subfield>
		</datafield>
		<datafield tag="655" ind1=" " ind2="4">
			<subfield code="a">Science-fiction</subfield>
		</datafield>
		<datafield tag="600" ind1="1" ind2="0">
			<subfield code="a">Prefect, Ford</subfield>
			<subfield code="c">(Fiktiv karakter)</subfield>
		</datafield>
		<datafield tag="600" ind1="1" ind2="0">
			<subfield code="a">Dent, Arthur</subfield>
			<subfield code="c">(Fiktiv karakter)</subfield>
		</datafield>
		<datafield tag="700" ind1="1" ind2=" ">
			<subfield code="a">Yeffeth, Glenn,</subfield>
			<subfield code="d">1961-</subfield>
		</datafield>
	</record>