
	<record>
		<leader>00968cam a22002414a 4500</leader>
		<controlfield tag="001">17211798</controlfield>
		<controlfield tag="005">20130320170401.0</controlfield>
		<controlfield tag="008">120315s2012 nyu b 001 0 eng </controlfield>
		<datafield tag="020" ind1=" " ind2=" ">
			<subfield code="a">9780230291126 </subfield>
		</datafield>
		<datafield tag="082" ind1="0" ind2="0">
			<subfield code="a">823/.914</subfield>
			<subfield code="2">23</subfield>
		</datafield>
		<datafield tag="245" ind1="0" ind2="0">
			<subfield code="a">Philosophy and The hitchhiker's guide to the galaxy /</subfield>
			<subfield code="c">edited by Nicholas Joll.</subfield>
		</datafield>
		<datafield tag="260" ind1=" " ind2=" ">
			<subfield code="a">New York, NY</subfield>
			<subfield code="b">Palgrave Macmillan</subfield>
			<subfield code="c">2012</subfield>
		</datafield>
		<datafield tag="300" ind1=" " ind2=" ">
			<subfield code="a">xvi, 308 s.</subfield>
			<subfield code="c">20 cm.</subfield>
		</datafield>
		<datafield tag="504" ind1=" " ind2=" ">
			<subfield code="a">Includes bibliographical references and indexes.</subfield>
		</datafield>
		<datafield tag="600" ind1="1" ind2="0">
			<subfield code="a">Adams, Douglas</subfield>
			<subfield code="d">1952-2001</subfield>
			<subfield code="t">Hitch-hiker's guide to the galaxy</subfield>
		</datafield>
		<datafield tag="653" ind1=" " ind2=" ">
			<subfield code="a">Filosofi</subfield>
		</datafield>
		<datafield tag="653" ind1=" " ind2=" ">
			<subfield code="a">Litteratur</subfield>
		</datafield>
		<datafield tag="700" ind1="1" ind2=" ">
			<subfield code="a">Joll, Nicholas.</subfield>
		</datafield>
	</record>