
	<record>
		<leader>01264cam a2200337 a 4500</leader>
		<controlfield tag="001">16582442</controlfield>
		<controlfield tag="005">20160727175424.0</controlfield>
		<controlfield tag="008">101217s2009 enka 001 0 eng d</controlfield>
		<datafield tag="020" ind1=" " ind2=" ">
			<subfield code="a">9781848362420 </subfield>
		</datafield>
		<datafield tag="042" ind1=" " ind2=" ">
			<subfield code="a">lccopycat</subfield>
		</datafield>
		<datafield tag="082" ind1="0" ind2="4">
			<subfield code="a">823.914</subfield>
			<subfield code="2">22</subfield>
		</datafield>
		<datafield tag="100" ind1="1" ind2=" ">
			<subfield code="a">O'Dair, Marcus</subfield>
			<subfield code="4">aut</subfield>
		</datafield>
		<datafield tag="245" ind1="1" ind2="4">
			<subfield code="a">The rough guide to The hitchhiker's guide to the galaxy /</subfield>
			<subfield code="c">Marcus O'Dair.</subfield>
		</datafield>
		<datafield tag="250" ind1=" " ind2=" ">
			<subfield code="a">1st ed.</subfield>
		</datafield>
		<datafield tag="260" ind1=" " ind2=" ">
			<subfield code="a">London</subfield>
			<subfield code="a">New York</subfield>
			<subfield code="b">Rough Guides</subfield>
			<subfield code="b">Distributed by the Penguin Group</subfield>
			<subfield code="c">2009</subfield>
		</datafield>
		<datafield tag="300" ind1=" " ind2=" ">
			<subfield code="a">vi, 264 s.</subfield>
			<subfield code="b">ill.</subfield>
			<subfield code="c">18 cm</subfield>
		</datafield>
		<datafield tag="490" ind1="1" ind2=" ">
			<subfield code="a">Rough Guides reference</subfield>
		</datafield>
		<datafield tag="504" ind1=" " ind2=" ">
			<subfield code="a">Includes bibliographical references and index.</subfield>
		</datafield>
		<datafield tag="600" ind1="1" ind2="0">
			<subfield code="a">Adams, Douglas</subfield>
			<subfield code="d">1952-2001.</subfield>
			<subfield code="t">Hitchhiker's guide to the galaxy (Radio plays)</subfield>
		</datafield>
		<datafield tag="600" ind1="1" ind2="0">
			<subfield code="a">Adams, Douglas</subfield>
			<subfield code="d">1952-2001</subfield>
			<subfield code="t">Hitchhiker's guide to the galaxy (Novel)</subfield>
		</datafield>
	</record>