
	<record>
		<leader>01220cam a2200289 a 4500</leader>
		<controlfield tag="001">13337647</controlfield>
		<controlfield tag="005">20160610111847.0</controlfield>
		<controlfield tag="008">030909s2003 maua b 001 0beng </controlfield>
		<datafield tag="020" ind1=" " ind2=" ">
			<subfield code="a">1932112170</subfield>
		</datafield>
		<datafield tag="043" ind1=" " ind2=" ">
			<subfield code="a">e-uk-</subfield>
		</datafield>
		<datafield tag="082" ind1="0" ind2="0">
			<subfield code="a">823/.914</subfield>
			<subfield code="a">B</subfield>
			<subfield code="2">22</subfield>
		</datafield>
		<datafield tag="100" ind1="1" ind2=" ">
			<subfield code="a">Simpson, M. J.</subfield>
			<subfield code="1">http://viaf.org/viaf/12581412</subfield>
			<subfield code="4">aut</subfield>
		</datafield>
		<datafield tag="245" ind1="1" ind2="0">
			<subfield code="a">Hitchhiker</subfield>
			<subfield code="b">a biography of Douglas Adams</subfield>
			<subfield code="c">M.J. Simpson ; historical consultant, Kevin Davies</subfield>
		</datafield>
		<datafield tag="250" ind1=" " ind2=" ">
			<subfield code="a">1st U.S. ed.</subfield>
		</datafield>
		<datafield tag="260" ind1=" " ind2=" ">
			<subfield code="a">Boston</subfield>
			<subfield code="b">Justin, Charles & Co.,</subfield>
			<subfield code="c">2003.</subfield>
		</datafield>
		<datafield tag="300" ind1=" " ind2=" ">
			<subfield code="a">xxv, 406 s., [8] s. of plates</subfield>
			<subfield code="b">ill.</subfield>
			<subfield code="c">25 cm</subfield>
		</datafield>
		<datafield tag="504" ind1=" " ind2=" ">
			<subfield code="a">Includes bibliographical references and index.</subfield>
		</datafield>
		<datafield tag="600" ind1="1" ind2="0">
			<subfield code="a">Adams, Douglas</subfield>
			<subfield code="d">1952-2001.</subfield>
			<subfield code="1">http://viaf.org/viaf/113230702</subfield>
		</datafield>
	</record>