
	<record>
		<leader>01176cam a22003137a 4500</leader>
		<controlfield tag="001">16619382</controlfield>
		<controlfield tag="005">20110518065445.0</controlfield>
		<controlfield tag="008">110110s2010 enk b 001 0 eng </controlfield>
		<datafield tag="020" ind1=" " ind2=" ">
			<subfield code="a">9781443823630 </subfield>
		</datafield>
		<datafield tag="042" ind1=" " ind2=" ">
			<subfield code="a">ukblcatcopy</subfield>
			<subfield code="a">lccopycat</subfield>
		</datafield>
		<datafield tag="082" ind1="0" ind2="4">
			<subfield code="a">823.914</subfield>
			<subfield code="2">22</subfield>
		</datafield>
		<datafield tag="100" ind1="1" ind2=" ">
			<subfield code="a">Van der Colff, Marilette</subfield>
			<subfield code="1">http://viaf.org/viaf/150365480</subfield>
			<subfield code="4">aut</subfield>
		</datafield>
		<datafield tag="245" ind1="1" ind2="0">
			<subfield code="a">One is never alone with a rubber duck</subfield>
			<subfield code="b">Douglas Adams's absurd fictional universe</subfield>
			<subfield code="c">by Marilette van der Colff</subfield>
		</datafield>
		<datafield tag="260" ind1=" " ind2=" ">
			<subfield code="a">Newcastle upon Tyne</subfield>
			<subfield code="b">Cambridge Scholars</subfield>
			<subfield code="c">2010</subfield>
		</datafield>
		<datafield tag="300" ind1=" " ind2=" ">
			<subfield code="a">viii, 97 s.</subfield>
			<subfield code="c">22 cm</subfield>
		</datafield>
		<datafield tag="504" ind1=" " ind2=" ">
			<subfield code="a">Includes bibliographical references (s. [89]-93) and
				index.</subfield>
		</datafield>
		<datafield tag="600" ind1="1" ind2="0">
			<subfield code="a">Adams, Douglas</subfield>
			<subfield code="d">1952-2001</subfield>
			<subfield code="x">Criticism and interpretation.</subfield>
			<subfield code="1">http://viaf.org/viaf/113230702</subfield>
		</datafield>
	</record>