
	<record>
		<leader>01414cam a2200337 a 4500</leader>
		<controlfield tag="001">14239975</controlfield>
		<controlfield tag="005">20120423085727.0</controlfield>
		<controlfield tag="008">060124r20062003nyuaf b 001 0beng d</controlfield>
		<datafield tag="020" ind1=" " ind2=" ">
			<subfield code="a">0345476514 </subfield>
		</datafield>
		<datafield tag="042" ind1=" " ind2=" ">
			<subfield code="a">lccopycat</subfield>
		</datafield>
		<datafield tag="043" ind1=" " ind2=" ">
			<subfield code="a">e-uk-</subfield>
		</datafield>
		<datafield tag="082" ind1="0" ind2="0">
			<subfield code="a">823/.914</subfield>
			<subfield code="2">22</subfield>
		</datafield>
		<datafield tag="100" ind1="1" ind2=" ">
			<subfield code="a">Webb, Nick</subfield>
			<subfield code="1">http://viaf.org/viaf/27229671</subfield>
			<subfield code="4">aut</subfield>
		</datafield>
		<datafield tag="245" ind1="1" ind2="0">
			<subfield code="a">Wish you were here</subfield>
			<subfield code="b">the official biography of Douglas Adams /</subfield>
			<subfield code="c">Nick Webb.</subfield>
		</datafield>
		<datafield tag="250" ind1=" " ind2=" ">
			<subfield code="a">2006 Del Rey Books Trade Pbk. ed.</subfield>
		</datafield>
		<datafield tag="260" ind1=" " ind2=" ">
			<subfield code="a">New York</subfield>
			<subfield code="b">Del Rey</subfield>
			<subfield code="b">Ballantine Books</subfield>
			<subfield code="c">2006</subfield>
		</datafield>
		<datafield tag="300" ind1=" " ind2=" ">
			<subfield code="a">xii, 346 s., [16] s. of plates</subfield>
			<subfield code="b">ill.</subfield>
			<subfield code="c">21 cm</subfield>
		</datafield>
		<datafield tag="504" ind1=" " ind2=" ">
			<subfield code="a">Includes bibliographical references and index.</subfield>
		</datafield>
		<datafield tag="600" ind1="1" ind2="0">
			<subfield code="a">Adams, Douglas</subfield>
			<subfield code="d">1952-2001</subfield>
			<subfield code="1">http://viaf.org/viaf/113230702</subfield>
		</datafield>
	</record>