
	<record>
		<leader>05538cam a22004698i 4500</leader>
		<controlfield tag="001">20698747</controlfield>
		<controlfield tag="005">20181009101410.0</controlfield>
		<controlfield tag="006">m |o d | </controlfield>
		<controlfield tag="007">cr_|||||||||||</controlfield>
		<controlfield tag="008">181009t20192019msu ob s001 0 eng </controlfield>
		<datafield tag="020" ind1=" " ind2=" ">
			<subfield code="a">9781496821669 </subfield>
		</datafield>
		<datafield tag="042" ind1=" " ind2=" ">
			<subfield code="a">pcc</subfield>
		</datafield>
		<datafield tag="082" ind1="0" ind2="0">
			<subfield code="a">741.5/942</subfield>
			<subfield code="2">23</subfield>
		</datafield>
		<datafield tag="245" ind1="0" ind2="4">
			<subfield code="a">The artistry of Neil Gaiman :</subfield>
			<subfield code="b">finding light in the shadows /</subfield>
			<subfield code="c">edited by Joseph Michael Sommers and Kyle Eveleth.</subfield>
		</datafield>
		<datafield tag="263" ind1=" " ind2=" ">
			<subfield code="a">1904</subfield>
		</datafield>
		<datafield tag="264" ind1=" " ind2="1">
			<subfield code="a">Jackson :</subfield>
			<subfield code="b">University Press of Mississippi,</subfield>
			<subfield code="c">[2019]</subfield>
		</datafield>
		<datafield tag="264" ind1=" " ind2="4">
			<subfield code="c">©2019</subfield>
		</datafield>
		<datafield tag="300" ind1=" " ind2=" ">
			<subfield code="a">1 online resource.</subfield>
		</datafield>
		<datafield tag="490" ind1="0" ind2=" ">
			<subfield code="a">Critical Approaches to Comics Artists</subfield>
		</datafield>
		<datafield tag="504" ind1=" " ind2=" ">
			<subfield code="a">Includes bibliographical references and index.</subfield>
		</datafield>
		<datafield tag="520" ind1=" " ind2=" ">
			<subfield code="a">"Neil Gaiman (b. 1960) reigns as one of the most critically
				decorated and popular authors of the last fifty years. Perhaps best known as the
				writer of the Harvey, Eisner, and World Fantasy-award winning series The Sandman,
				Gaiman quickly became equally renowned in literary circles for Neverwhere, Coraline,
				and award-winning American Gods, as well as the Newbery and Carnegie Medal-winning
				The Graveyard Book. For adults, children, comics readers, and viewers of the BBC's
				Doctor Who, Gaiman's writing has crossed the borders of virtually all media, making
				him a celebrity around the world. Despite Gaiman's incredible contributions to
				comics from such works as Miracleman to the aforementioned The Sandman, his work
				remains underrepresented in sustained fashion in comics studies. As American Gods
				tops ratings charts for STARZ, it seems timely to bring the bulk of Gaiman's
				illustrated texts under scholarly inquiry. The thirteen essays and two interviews
				with Gaiman and his frequent collaborator, artist s. Craig Russell, examine the work
				of Gaiman and his many illustrators. The essays discuss Gaiman's oeuvre regarding
				the qualities that make his work unique in his eschewing of typical categories, his
				proclamations to "make good art," and his own constant efforts to do so
				however the genres and audiences may slip into one another. The Artistry of Neil
				Gaiman forms a complicated picture of a man who always seems fully assembled
				virtually from the start of his career, but only came to feel comfortable in his own
				voice far later in life." - Provided by publisher.</subfield>
		</datafield>
		<datafield tag="588" ind1=" " ind2=" ">
			<subfield code="a">Description based on print version record and CIP data provided by
				publisher; resource not viewed.</subfield>
		</datafield>
		<datafield tag="600" ind1="1" ind2="0">
			<subfield code="a">Gaiman, Neil</subfield>
			<subfield code="d">Forfatter</subfield>
			<subfield code="1">http://viaf.org/viaf/103859257</subfield>
		</datafield>
		<datafield tag="700" ind1="1" ind2=" ">
			<subfield code="a">Sommers, Joseph Michael,</subfield>
			<subfield code="d">1976-</subfield>
			<subfield code="e">Redaktør</subfield>
		</datafield>
		<datafield tag="700" ind1="1" ind2=" ">
			<subfield code="a">Eveleth, Kyle,</subfield>
			<subfield code="e">Redaktør</subfield>
		</datafield>
		<datafield tag="776" ind1="0" ind2="8">
			<subfield code="i">Print version:</subfield>
			<subfield code="t">Artistry of Neil Gaiman</subfield>
			<subfield code="d">Jackson : University Press of Mississippi, [2019]</subfield>
			<subfield code="z">9781496821645</subfield>
			<subfield code="w">(DLC) 2018042196</subfield>
		</datafield>
	</record>