
	<record>
		<leader>04236cam a2200397 i 4500</leader>
		<controlfield tag="001">20538301</controlfield>
		<controlfield tag="005">20190222090031.0</controlfield>
		<controlfield tag="008">180608s2018 msu b s001 0 eng c</controlfield>
		<datafield tag="020" ind1=" " ind2=" ">
			<subfield code="a">9781496818690 </subfield>
		</datafield>
		<datafield tag="042" ind1=" " ind2=" ">
			<subfield code="a">pcc</subfield>
		</datafield>
		<datafield tag="043" ind1=" " ind2=" ">
			<subfield code="a">e-uk-en</subfield>
		</datafield>
		<datafield tag="082" ind1="0" ind2="0">
			<subfield code="a">823/.914</subfield>
			<subfield code="a">B</subfield>
			<subfield code="2">23</subfield>
		</datafield>
		<datafield tag="245" ind1="0" ind2="0">
			<subfield code="a">Conversations with Neil Gaiman /</subfield>
			<subfield code="c">edited by Joseph Michael Sommers.</subfield>
		</datafield>
		<datafield tag="264" ind1=" " ind2="1">
			<subfield code="a">Jackson :</subfield>
			<subfield code="b">University Press of Mississippi,</subfield>
			<subfield code="c">2018.</subfield>
		</datafield>
		<datafield tag="300" ind1=" " ind2=" ">
			<subfield code="a">xxiv, 218 s. ; 24 cm.</subfield>
		</datafield>
		<datafield tag="490" ind1="1" ind2=" ">
			<subfield code="a">Literary conversations series</subfield>
		</datafield>
		<datafield tag="504" ind1=" " ind2=" ">
			<subfield code="a">Includes bibliographical references (s. 209-213) and
				index.</subfield>
		</datafield>
		<datafield tag="505" ind1="0" ind2="0">
			<subfield code="t">World at weekend /</subfield>
			<subfield code="r">Keith Graves -</subfield>
			<subfield code="t">The British Invasion: Alan Moore /</subfield>
			<subfield code="r">Neil Gaiman -</subfield>
			<subfield code="t">Pratchett & Gaiman: The double act -</subfield>
			<subfield code="t">Sleep of the just: Neil Gaiman on the act of creating and the perils
				of fame /</subfield>
			<subfield code="r">Steven Darnall -</subfield>
			<subfield code="t">Neil Gaiman: A man for all seasons /</subfield>
			<subfield code="r">Stanley Wiater and Stephen R. Bissette -</subfield>
			<subfield code="t">Words, words, words:. A glimpse Inside the mind of Neil Gaiman Parts
				I and II /</subfield>
			<subfield code="r">Hannah Kuhlmann -</subfield>
			<subfield code="t">Weird tales talks with Neil Gaiman /</subfield>
			<subfield code="r">Darrell Schweitzer - CBLDF: Neil Gaiman Last angel tour interview
				/</subfield>
			<subfield code="r">Shawna Gore -</subfield>
			<subfield code="t">Dreaming American Gods: An Interview with Neil Gaiman /</subfield>
			<subfield code="r">Rudi Dornemann and Kelly Everding -</subfield>
			<subfield code="t">Voices of vision: Neil Gaiman /</subfield>
			<subfield code="r">Jayme Blaschke -</subfield>
			<subfield code="t">Sandman comic book creator Neil Gaiman /</subfield>
			<subfield code="r">Neal Conan -</subfield>
			<subfield code="t">Maddy Gaiman interviews her Dad /</subfield>
			<subfield code="r">Maddy Gaiman -</subfield>
			<subfield code="t">An interview with Neil Gaiman /</subfield>
			<subfield code="r">Jessa Crispin -</subfield>
			<subfield code="t">Fragile things: an interview with Neil Gaiman /</subfield>
			<subfield code="r">Eric Lorberer -</subfield>
			<subfield code="t">Lunching in the graveyard /</subfield>
			<subfield code="r">Pádraig Ó Méalóid -</subfield>
			<subfield code="t">Neil Gaiman turns his grad speech into "Good Art"
				/</subfield>
			<subfield code="r">Neal Conan -</subfield>
			<subfield code="t">Trigger warning: an interview with Neil Gaiman /</subfield>
			<subfield code="r">Diane Rehm -</subfield>
			<subfield code="t">It's Neil's World. We just live in it: An interview with Neil Gaiman
				/</subfield>
			<subfield code="r">Joseph Michael Sommers and Maggie Grace Sommers.</subfield>
		</datafield>
		<datafield tag="520" ind1=" " ind2=" ">
			<subfield code="a">Neil Gaiman (b. 1960) currently reigns in the literary world as one
				of the most critically decorated and popular authors of the last fifty years.
				Perhaps best known as the writer of the Harvey, Eisner, and World
				Fantasy-award-winning DC/Vertigo series, The Sandman, Gaiman quickly became equally
				renowned in literary circles for works such as Neverwhere, Coraline, American Gods,
				as well as the Newbery and Carnegie Medal-winning The Graveyard Book. For adults,
				for children, for the comics reader to the viewer of the BBC's Doctor Who, Gaiman's
				writing has crossed the borders of virtually all media and every language, making
				him a celebrity on a worldwide scale. The interviews presented here span the length
				of his career, beginning with his first formal interview by the BBC at the age of
				seven and ending with a new, unpublished interview held in 2017. They cover topics
				as wide and varied as a young Gaiman's thoughts on Scientology and managing anger,
				learning the comics trade from Alan Moore, and being on the clock virtually 24/7.
				What emerges is a complicated picture of a man who seems fully assembled from the
				start of his career, but only came to feel comfortable in his own skin and voice far
				later in life. The man who brought Morpheus from the folds of his imagination into
				the world shares his dreams and aspirations from different points in his life,
				including informing readers where he plans to take them next."-Provided by
				publisher.</subfield>
		</datafield>
		<datafield tag="600" ind1="1" ind2="0">
			<subfield code="a">Gaiman, Neil</subfield>
			<subfield code="d">Forfatter</subfield>
			<subfield code="1">http://viaf.org/viaf/103859257</subfield>
		</datafield>
		<datafield tag="700" ind1="1" ind2=" ">
			<subfield code="a">Sommers, Joseph Michael,</subfield>
			<subfield code="d">1976-</subfield>
			<subfield code="e">Redaktør</subfield>
		</datafield>
		<datafield tag="776" ind1="0" ind2="8">
			<subfield code="i">Online version:</subfield>
			<subfield code="a">Sommers, Joseph Michael, 1976- editor.</subfield>
			<subfield code="t">Conversations with Neil Gaiman.</subfield>
			<subfield code="d">Jackson : University Press of Mississippi, [2018]</subfield>
			<subfield code="z">9781496818713</subfield>
			<subfield code="w">(DLC) 2018028977</subfield>
		</datafield>
	</record>