
	<record>
		<leader>01451cam a2200277 a 4500</leader>
		<controlfield tag="001">17466890</controlfield>
		<controlfield tag="005">20130426152307.0</controlfield>
		<controlfield tag="008">120918s2012 ncu b 001 0 eng </controlfield>
		<datafield tag="020" ind1=" " ind2=" ">
			<subfield code="a">9780786466368 </subfield>
		</datafield>
		<datafield tag="042" ind1=" " ind2=" ">
			<subfield code="a">pcc</subfield>
		</datafield>
		<datafield tag="082" ind1="0" ind2="0">
			<subfield code="a">823/.914</subfield>
			<subfield code="2">23</subfield>
		</datafield>
		<datafield tag="245" ind1="0" ind2="0">
			<subfield code="a">Feminism in the worlds of Neil Gaiman :</subfield>
			<subfield code="b">essays on the comics, poetry, and prose /</subfield>
			<subfield code="c">edited by Tara Prescott and Aaron Drucker.</subfield>
		</datafield>
		<datafield tag="260" ind1=" " ind2=" ">
			<subfield code="a">Jefferson, N.C. :</subfield>
			<subfield code="b">McFarland & Co.,</subfield>
			<subfield code="c">c2012.</subfield>
		</datafield>
		<datafield tag="300" ind1=" " ind2=" ">
			<subfield code="a">x, 285 s. ;</subfield>
			<subfield code="c">23 cm.</subfield>
		</datafield>
		<datafield tag="520" ind1=" " ind2=" ">
			<subfield code="a">"This collection of new essays looks carefully at the broad
				spectrum of Neil Gaiman's work and how he interacts with feminism. Sixteen diverse
				essays from Gaiman scholars and fans alike examine highlights from Gaiman's graphic
				novels, short stories, novels, poems and screenplays, and confront the difficult
				issues he raises"-</subfield>
			<subfield code="c">Provided by publisher.</subfield>
		</datafield>
		<datafield tag="504" ind1=" " ind2=" ">
			<subfield code="a">Includes bibliographical references and index.</subfield>
		</datafield>
		<datafield tag="600" ind1="1" ind2="0">
			<subfield code="a">Gaiman, Neil</subfield>
			<subfield code="d">Forfatter</subfield>
			<subfield code="1">http://viaf.org/viaf/103859257</subfield>
		</datafield>
		<datafield tag="700" ind1="1" ind2=" ">
			<subfield code="a">Prescott, Tara,</subfield>
			<subfield code="d">1976-</subfield>
		</datafield>
		<datafield tag="700" ind1="1" ind2=" ">
			<subfield code="a">Drucker, Aaron,</subfield>
			<subfield code="d">1975-</subfield>
		</datafield>
	</record>