
	<record>
		<leader>01867cam a2200361 a 4500</leader>
		<controlfield tag="001">17614584</controlfield>
		<controlfield tag="005">20160330144038.0</controlfield>
		<controlfield tag="008">130205s2004 waua 000 0deng c</controlfield>
		<datafield tag="020" ind1=" " ind2=" ">
			<subfield code="a">9781560976172 </subfield>
		</datafield>
		<datafield tag="035" ind1=" " ind2=" ">
			<subfield code="a">(OCoLC)ocm57005919</subfield>
		</datafield>
		<datafield tag="042" ind1=" " ind2=" ">
			<subfield code="a">pcc</subfield>
		</datafield>
		<datafield tag="043" ind1=" " ind2=" ">
			<subfield code="a">e-uk-</subfield>
		</datafield>
		<datafield tag="082" ind1="0" ind2="0">
			<subfield code="a">823/.914</subfield>
			<subfield code="2">23</subfield>
		</datafield>
		<datafield tag="245" ind1="0" ind2="0">
			<subfield code="a">Hanging out with the dream king :</subfield>
			<subfield code="b">conversations with Neil Gaiman and his collaborators /</subfield>
			<subfield code="c">interviews by Joseph McCabe ; photographs by Sophia Quach.</subfield>
		</datafield>
		<datafield tag="250" ind1=" " ind2=" ">
			<subfield code="a">1st Fantographics Books ed.</subfield>
		</datafield>
		<datafield tag="260" ind1=" " ind2=" ">
			<subfield code="a">Seattle, WA :</subfield>
			<subfield code="b">Fantagraphics,</subfield>
			<subfield code="c">2004.</subfield>
		</datafield>
		<datafield tag="300" ind1=" " ind2=" ">
			<subfield code="a">297 s. :</subfield>
			<subfield code="b">ill. (some col.) ;</subfield>
			<subfield code="c">23 cm.</subfield>
		</datafield>
		<datafield tag="505" ind1="0" ind2=" ">
			<subfield code="a">Neil Gaiman : part one - Dave McKean - Kim Newman - Stephen Jones
				- Karen Berger - Sam Kieth - Mike Dringenberg - Kelley Jones - Charles Vess -
				Colleen Doran - Shawn McManus - Jill Thompson s. Craig Russell - Bryan Talbot -
				Marc Hempel - Michael Zulli - Daniel Vozzo - Todd Klein - Tori Amos - Alice
				Cooper - Mark Buckingham - Chris Bachalo - Yoshitaka Amano - Andy Kubert - The
				Flash Girls - Folk Underground - Terry Pratchett - Gene Wolfe - Neil Gaiman :
				part two.</subfield>
		</datafield>
		<datafield tag="600" ind1="1" ind2="0">
			<subfield code="a">Gaiman, Neil</subfield>
			<subfield code="d">Forfatter</subfield>
			<subfield code="1">http://viaf.org/viaf/103859257</subfield>
		</datafield>
		<datafield tag="700" ind1="1" ind2=" ">
			<subfield code="a">McCabe, Joseph,</subfield>
			<subfield code="d">1972-</subfield>
		</datafield>
		<datafield tag="700" ind1="1" ind2=" ">
			<subfield code="a">Quach, Sophia.</subfield>
		</datafield>
	</record>