
	<record>
		<leader>01605cam a2200337 i 4500</leader>
		<controlfield tag="001">17154348</controlfield>
		<controlfield tag="005">20130610102822.0</controlfield>
		<controlfield tag="008">120208s2012 flu b 001 0 eng d</controlfield>
		<datafield tag="020" ind1=" " ind2=" ">
			<subfield code="a">9780982740972</subfield>
		</datafield>
		<datafield tag="035" ind1=" " ind2=" ">
			<subfield code="a">(OCoLC)ocn809183244</subfield>
		</datafield>
		<datafield tag="042" ind1=" " ind2=" ">
			<subfield code="a">lccopycat</subfield>
		</datafield>
		<datafield tag="082" ind1="0" ind2="0">
			<subfield code="a">823/.914</subfield>
			<subfield code="2">23</subfield>
		</datafield>
		<datafield tag="245" ind1="0" ind2="4">
			<subfield code="a">The Mythological Dimensions of Neil Gaiman /</subfield>
			<subfield code="c">Edited by Anthony Burdge, Jessica Burke, Kristine Larsen.</subfield>
		</datafield>
		<datafield tag="264" ind1=" " ind2="1">
			<subfield code="a">Crawfordville, FL :</subfield>
			<subfield code="b">Kitsune Books,</subfield>
			<subfield code="c">[2012]</subfield>
		</datafield>
		<datafield tag="300" ind1=" " ind2=" ">
			<subfield code="a">290 s. ;</subfield>
			<subfield code="c">22 cm</subfield>
		</datafield>
		<datafield tag="504" ind1=" " ind2=" ">
			<subfield code="a">Includes bibliographical references (s. 258-278) and
				index.</subfield>
		</datafield>
		<datafield tag="520" ind1=" " ind2=" ">
			<subfield code="a">THE MYTHOLOGICAL DIMENSIONS OF NEIL GAIMAN is a collection of
				in-depth essays on the art and style of prolific author Neil Gaiman. Written by
				scholars and fans, the collection is accessible yet knowledgeable of all things
				Gaiman. (This is the second in Kitsune Books' "Mythological Dimensions"
				series.</subfield>
		</datafield>
		<datafield tag="600" ind1="1" ind2="0">
			<subfield code="a">Gaiman, Neil</subfield>
			<subfield code="d">Forfatter</subfield>
			<subfield code="1">http://viaf.org/viaf/103859257</subfield>
		</datafield>
		<datafield tag="700" ind1="1" ind2=" ">
			<subfield code="a">Burdge, Anthony,</subfield>
			<subfield code="e">Redaktør</subfield>
		</datafield>
		<datafield tag="700" ind1="1" ind2=" ">
			<subfield code="a">Burke, Jessica,</subfield>
			<subfield code="e">Redaktør</subfield>
		</datafield>
		<datafield tag="700" ind1="1" ind2=" ">
			<subfield code="a">Larsen, Kristine M.,</subfield>
			<subfield code="d">1963-</subfield>
			<subfield code="e">Redaktør</subfield>
		</datafield>
	</record>