
	<record>
		<leader>01536cam a2200313 a 4500</leader>
		<controlfield tag="001">14777175</controlfield>
		<controlfield tag="005">20071026130654.0</controlfield>
		<controlfield tag="008">070321s2008 nyu j b 001 0deng </controlfield>
		<datafield tag="020" ind1=" " ind2=" ">
			<subfield code="a">9781404210783</subfield>
		</datafield>
		<datafield tag="043" ind1=" " ind2=" ">
			<subfield code="a">e-uk-en</subfield>
		</datafield>
		<datafield tag="082" ind1="0" ind2="0">
			<subfield code="a">823/.54</subfield>
			<subfield code="2">22</subfield>
		</datafield>
		<datafield tag="100" ind1="1" ind2=" ">
			<subfield code="a">Gaiman, Neil</subfield>
			<subfield code="d">1960- </subfield>
			<subfield code="q">(Neil Richard)</subfield>
			<subfield code="1">http://viaf.org/viaf/103859257</subfield>
			<subfield code="4">aut</subfield>
		</datafield>
		<datafield tag="245" ind1="1" ind2="0">
			<subfield code="a">Neil Gaiman on his work and career :</subfield>
			<subfield code="b">a conversation with Bill Baker.</subfield>
		</datafield>
		<datafield tag="260" ind1=" " ind2=" ">
			<subfield code="a">New York, NY :</subfield>
			<subfield code="b">Rosen Pub. Group,</subfield>
			<subfield code="c">2008.</subfield>
		</datafield>
		<datafield tag="300" ind1=" " ind2=" ">
			<subfield code="a">118 s. ;</subfield>
			<subfield code="c">22 cm.</subfield>
		</datafield>
		<datafield tag="490" ind1="0" ind2=" ">
			<subfield code="a">Talking with graphic novelists</subfield>
		</datafield>
		<datafield tag="504" ind1=" " ind2=" ">
			<subfield code="a">Includes bibliographical references (s. 112) and index.</subfield>
		</datafield>
		<datafield tag="505" ind1="0" ind2=" ">
			<subfield code="a">Interview: All he has to do is dream : Neil Gaiman on American gods,
				the dangers of dream casts, and celebrity - Interview: Running down a dream : Neil
				Gaiman on stalking the wild tale - Interview: The last Guardian Angel visitation :
				five minutes with Neil Gaiman on the Comic Book Legal Defense Fund (CBLDF) and the
				last Angel tour.</subfield>
		</datafield>
		<datafield tag="600" ind1="1" ind2="0">
			<subfield code="a">Gaiman, Neil</subfield>
			<subfield code="d">Forfatter</subfield>
			<subfield code="1">http://viaf.org/viaf/103859257</subfield>
		</datafield>
		<datafield tag="700" ind1="1" ind2=" ">
			<subfield code="a">Baker, Bill,</subfield>
			<subfield code="d">1958-</subfield>
		</datafield>
	</record>