
	<record>
		<leader>01175cam a2200277 a 4500</leader>
		<controlfield tag="001">16038586</controlfield>
		<controlfield tag="005">20101007185752.0</controlfield>
		<controlfield tag="008">091231s2011 ilua j b 001 0beng </controlfield>
		<datafield tag="020" ind1=" " ind2=" ">
			<subfield code="a">9781410939296</subfield>
		</datafield>
		<datafield tag="043" ind1=" " ind2=" ">
			<subfield code="a">e-uk-en</subfield>
		</datafield>
		<datafield tag="082" ind1="0" ind2="0">
			<subfield code="a">823/.914</subfield>
			<subfield code="a">B</subfield>
			<subfield code="2">22</subfield>
		</datafield>
		<datafield tag="100" ind1="1" ind2=" ">
			<subfield code="a">Guillain, Charlotte</subfield>
			<subfield code="1">http://viaf.org/viaf/33911340</subfield>
			<subfield code="4">aut</subfield>
		</datafield>
		<datafield tag="245" ind1="1" ind2="0">
			<subfield code="a">Neil Gaiman :</subfield>
			<subfield code="b">rock star writer /</subfield>
			<subfield code="c">Charlotte Guillain.</subfield>
		</datafield>
		<datafield tag="260" ind1=" " ind2=" ">
			<subfield code="a">Chicago, Ill. :</subfield>
			<subfield code="b">Raintree,</subfield>
			<subfield code="c">c2011.</subfield>
		</datafield>
		<datafield tag="300" ind1=" " ind2=" ">
			<subfield code="a">32 s. :</subfield>
			<subfield code="b">col. ill. ;</subfield>
			<subfield code="c">25 cm.</subfield>
		</datafield>
		<datafield tag="490" ind1="0" ind2=" ">
			<subfield code="a">Culture in action</subfield>
		</datafield>
		<datafield tag="504" ind1=" " ind2=" ">
			<subfield code="a">Includes bibliographical references (s. 31) and index.</subfield>
		</datafield>
		<datafield tag="505" ind1="0" ind2=" ">
			<subfield code="a">Who is Neil Gaiman? - Growing up - Comics - Moving into other
				formats - Children's books - Making movies - Neil Gaiman today -
				Timeline.</subfield>
		</datafield>
		<datafield tag="600" ind1="1" ind2="0">
			<subfield code="a">Gaiman, Neil</subfield>
			<subfield code="d">Forfatter</subfield>
			<subfield code="1">http://viaf.org/viaf/103859257</subfield>
		</datafield>
	</record>