
	<record>
		<leader>04820cam a2200361 i 4500</leader>
		<controlfield tag="001">19545046</controlfield>
		<controlfield tag="005">20171124114117.0</controlfield>
		<controlfield tag="008">170309s2017 nyu 000 0beng </controlfield>
		<datafield tag="020" ind1=" " ind2=" ">
			<subfield code="a">9781568585598 </subfield>
		</datafield>
		<datafield tag="042" ind1=" " ind2=" ">
			<subfield code="a">pcc</subfield>
		</datafield>
		<datafield tag="082" ind1="0" ind2="0">
			<subfield code="a">794.8</subfield>
			<subfield code="2">23</subfield>
		</datafield>
		<datafield tag="084" ind1=" " ind2=" ">
			<subfield code="a">GAM010000</subfield>
			<subfield code="2">bisacsh</subfield>
		</datafield>
		<datafield tag="100" ind1="1" ind2=" ">
			<subfield code="a">Kushner, David</subfield>
			<subfield code="d">1968-</subfield>
			<subfield code="1">http://viaf.org/viaf/98519418</subfield>
			<subfield code="4">aut</subfield>
		</datafield>
		<datafield tag="245" ind1="1" ind2="0">
			<subfield code="a">Rise of the dungeon master :</subfield>
			<subfield code="b">Gary Gygax and the creation of D&D /</subfield>
			<subfield code="c">David Kushner and Koren Shadmi.</subfield>
		</datafield>
		<datafield tag="264" ind1=" " ind2="1">
			<subfield code="a">New York :</subfield>
			<subfield code="b">Nation Books,</subfield>
			<subfield code="c">[2017]</subfield>
		</datafield>
		<datafield tag="300" ind1=" " ind2=" ">
			<subfield code="a">136 s. :</subfield>
			<subfield code="b">illustrations ;</subfield>
			<subfield code="c">23 cm</subfield>
		</datafield>
		<datafield tag="520" ind1=" " ind2=" ">
			<subfield code="a">"Rise of the Dungeon Master tells, in graphic form, the story of
				Gary Gygax, co-creator of Dungeons & Dragons, one of the most influential games
				ever made. Like the game itself, the narrative casts the reader into the adventure
				from a first person point of view, taking on the roles of the different characters
				in the story. Gygax was the son of immigrants who grew up in Lake Geneva, WI, in the
				1950s. An imaginative misfit, he escaped into a virtual world based on science
				fiction novels, military history and strategic games like chess. In the mid-1970s,
				he co-created the wildly popular Dungeons & Dragons game. Starting out in the
				basement of his home, he was soon struggling to keep up with the demand. Gygax was a
				purist, in the sense that he was adamant that players use their imaginations and
				that the rules of the game remain flexible. A creative mind with no real knowledge
				of business, he made some strategic errors and had a falling out with the game's
				co-creator, his close friend and partner, David Arneson. By the late 1970s the game
				had become so popular among kids that parents started to worry - so much so that a
				mom's group was formed to alert parents to the dangers of role play and fantasy. The
				backlash only fueled the fires of the young fans who continued to play the game,
				escaping into imaginary worlds. Before long, D&D conventions were set up around
				the country and the game inspired everything from movies to the first video games.
				With D&D, Gygax created the kind of role playing fantasy that would fuel the
				multibillion dollar video game industry, and become a foundation of contemporary
				geek culture"-</subfield>
			<subfield code="c">Provided by publisher.</subfield>
		</datafield>
		<datafield tag="520" ind1=" " ind2=" ">
			<subfield code="a">"Rise of the Dungeon Master tells, in graphic form, the story of
				Gary Gygax, co-creator of Dungeons & Dragons, one of the most influential games
				ever made. Like the game itself, the narrative casts the reader into the adventure
				from a first person point of view, taking on the roles of the different characters
				in the story. Gygax was the son of immigrants who grew up in Lake Geneva, WI, in the
				1950s. An imaginative misfit, he escaped into a virtual world based on science
				fiction novels, military history and strategic games like chess. In the mid-1970s,
				he co-created the wildly popular Dungeons & Dragons game, determining the rules
				and inventing the signature 20-sided dice. Starting out in the basement of his home,
				he was soon struggling to keep up with the demand. Gygax was a purist, in the sense
				that he was adamant that players use their imaginations and that the rules of the
				game remain flexible. A creative mind with no real knowledge of business, he made
				some strategic errors and had a falling out with the game's co-creator, his close
				friend and partner, David Arneson. By the late 1970s the game had become so popular
				among kids that parents started to worry - so much so that a mom's group was formed
				to alert parents to the dangers of role play and fantasy. The backlash only fueled
				the fires of the young fans who continued to play the game, escaping into imaginary
				worlds. Before long, D&D conventions were set up around the country and the game
				inspired everything from movies to the first video games. With D&D, Gygax
				created the kind of role playing fantasy that would fuel the multibillion dollar
				video game industry, and become a foundation of contemporary geek
				culture"-</subfield>
			<subfield code="c">Provided by publisher.</subfield>
		</datafield>
		<datafield tag="655" ind1=" " ind2="0">
			<subfield code="a">Spillhåndbok</subfield>
		</datafield>
		<datafield tag="655" ind1=" " ind2="0">
			<subfield code="a">Fantasy</subfield>
		</datafield>
		<datafield tag="700" ind1="1" ind2=" ">
			<subfield code="a">Shadmi, Koren,</subfield>
			<subfield code="e">author.</subfield>
		</datafield>
		<datafield tag="776" ind1="0" ind2="8">
			<subfield code="i">Online version:</subfield>
			<subfield code="a">Kushner, David, 1968- author.</subfield>
			<subfield code="t">Rise of the dungeon master</subfield>
			<subfield code="d">New York : Nation Books, 2017</subfield>
			<subfield code="z">9781568585604</subfield>
			<subfield code="w">(DLC) 2017012225</subfield>
		</datafield>
	</record>