
	<record>
		<leader>02750cam a2200385 i 4500</leader>
		<controlfield tag="001">20045185</controlfield>
		<controlfield tag="005">20171003132338.0</controlfield>
		<controlfield tag="008">171003r20162015nyuaf b 001 0beng d</controlfield>
		<datafield tag="020" ind1=" " ind2=" ">
			<subfield code="a">1632862034</subfield>
		</datafield>
		<datafield tag="035" ind1=" " ind2=" ">
			<subfield code="a">(OCoLC)ocn918283583</subfield>
		</datafield>
		<datafield tag="042" ind1=" " ind2=" ">
			<subfield code="a">lccopycat</subfield>
		</datafield>
		<datafield tag="082" ind1="0" ind2="4">
			<subfield code="a">794.8</subfield>
		</datafield>
		<datafield tag="100" ind1="1" ind2=" ">
			<subfield code="a">Witwer, Michael</subfield>
			<subfield code="1">http://viaf.org/viaf/315593630</subfield>
			<subfield code="4">aut</subfield>
		</datafield>
		<datafield tag="245" ind1="1" ind2="0">
			<subfield code="a">Empire of imagination :</subfield>
			<subfield code="b">Gary Gygax and the birth of Dungeons & dragons /</subfield>
			<subfield code="c">Michael Witwer ; [foreword by DOOM co-creator John Romero]</subfield>
		</datafield>
		<datafield tag="246" ind1="3" ind2="0">
			<subfield code="a">Gary Gygax and the birth of Dungeons & dragons</subfield>
		</datafield>
		<datafield tag="250" ind1=" " ind2=" ">
			<subfield code="a">Paperback edition.</subfield>
		</datafield>
		<datafield tag="264" ind1=" " ind2="1">
			<subfield code="a">New York :</subfield>
			<subfield code="b">Bloomsbury,</subfield>
			<subfield code="c">2016.</subfield>
		</datafield>
		<datafield tag="264" ind1=" " ind2="4">
			<subfield code="c">©2015</subfield>
		</datafield>
		<datafield tag="300" ind1=" " ind2=" ">
			<subfield code="a">xviii, 302 s., 16 unnumbered s. of plates :</subfield>
			<subfield code="b">illustrations (some color) ;</subfield>
			<subfield code="c">21 cm</subfield>
		</datafield>
		<datafield tag="504" ind1=" " ind2=" ">
			<subfield code="a">Includes bibliographical references and index.</subfield>
		</datafield>
		<datafield tag="505" ind1="0" ind2=" ">
			<subfield code="a">Author's note: Telling the story of a storyteller - Foreword -
				Introduction - Prologue: Memory Lane - Midwestern mischief - Fright night -
				Checkmate - Here, there be dragons - Tomb of horrors - No one at the wheel - Low
				times at Lake Geneva High - The real world - Dueling passions - Another woman? -
				The one that got away - Sunday in the park with Gary - Playing games - Fateful
				encounter - Tactical studies, anyone? - Chainmail - Genesis - The muse -
				Bedtime! - Publishing : a Catch-22 - The art of making art - Casualties of
				wargaming - A makeshift solution - Kask strength - Fun and more games - Gary's
				other job - It's like Dungeons & Dragons, but advanced - Trouble in paradise
				- A devastating loss - The dictator - Parting ways - There's no business like
				show business - The coup - Trojan horse - New beginnings - Dangerous journeys -
				Justified - Silver and gold - King of the nerds - The end of the road - The
				legacy - The butterfly effect - The road goes ever on - A man for all seasons -
				Appendix A: Gary Gygax timeline - Appendix B: Gary Gygax : a life's
				work.</subfield>
		</datafield>
		<datafield tag="520" ind1=" " ind2=" ">
			<subfield code="a">A comprehensive biography of geek and gaming icon Gary Gygax. Witwer
				chronicles his life from childhood in Lake Geneva, Wisconsin, to his creation of the
				role-playing game Dungeons & Dragons to his untimely death in 2008.</subfield>
		</datafield>
		<datafield tag="655" ind1=" " ind2="0">
			<subfield code="a">Spillhåndbok</subfield>
		</datafield>
		<datafield tag="655" ind1=" " ind2="0">
			<subfield code="a">Fantasy</subfield>
		</datafield>
		<datafield tag="700" ind1="1" ind2=" ">
			<subfield code="a">Romero, John</subfield>
			<subfield code="e">author of foreword.</subfield>
		</datafield>
	</record>