
	<record>
		<leader>01048cam a2200205u 4500</leader>
		<controlfield tag="001">6044693</controlfield>
		<controlfield tag="005">20080620123606.0</controlfield>
		<controlfield tag="008">861009s1953 xx 000 0 eng </controlfield>
		<datafield tag="035" ind1=" " ind2=" ">
			<subfield code="9">(DLC)fi 54001008</subfield>
		</datafield>
		<datafield tag="245" ind1="0" ind2="0">
			<subfield code="a">Forever female [Motion picture]</subfield>
		</datafield>
		<datafield tag="260" ind1=" " ind2=" ">
			<subfield code="a">[n.s.]</subfield>
			<subfield code="b">Paramount Pictures Cors.,</subfield>
			<subfield code="c">1953.</subfield>
		</datafield>
		<datafield tag="300" ind1=" " ind2=" ">
			<subfield code="a">s. 93 min., sd., b&w, 35 mm.</subfield>
		</datafield>
		<datafield tag="500" ind1=" " ind2=" ">
			<subfield code="a">Suggested by the play Rosalind, by J. M. Barrie.</subfield>
		</datafield>
		<datafield tag="500" ind1=" " ind2=" ">
			<subfield code="a">SUMMARY: A backstage comedy about an aging Broadway star who competes
				with a rising young actress for the ingénue role in a new play and for the love of a
				young playwright.</subfield>
		</datafield>
		<datafield tag="500" ind1=" " ind2=" ">
			<subfield code="a">CREDITS: Producer, Pat Duggan; director, Irving Rapper; written by
				Julius J. Epstein, Philip G. Epstein; music, Victor Young; editor, Archie Marshek.
				CAST: Ginger Rogers, William Holden, Paul Douglas, James Gleason, Pat
				Crowley.</subfield>
		</datafield>
		<datafield tag="655" ind1=" " ind2="7">
			<subfield code="a">Spillefilm</subfield>
		</datafield>
		<datafield tag="700" ind1="1" ind2=" ">
			<subfield code="a">Barrie, J. M.</subfield>
			<subfield code="q">(James Matthew),</subfield>
			<subfield code="d">1860-1937.</subfield>
			<subfield code="t">Rosalind.</subfield>
		</datafield>
		<datafield tag="710" ind1="2" ind2=" ">
			<subfield code="a">Paramount Pictures Corporation.</subfield>
		</datafield>
	</record>