
	<record>
		<leader>02274cam a22004213a 4500</leader>
		<controlfield tag="001">15891133</controlfield>
		<controlfield tag="005">20160930095400.0</controlfield>
		<controlfield tag="008">960821s1942 xx 000 0deng </controlfield>
		<datafield tag="035" ind1=" " ind2=" ">
			<subfield code="a">coe96001393</subfield>
		</datafield>
		<datafield tag="245" ind1="0" ind2="2">
			<subfield code="a">A kiss for Cinderella.</subfield>
		</datafield>
		<datafield tag="260" ind1=" " ind2=" ">
			<subfield code="c">1942.</subfield>
		</datafield>
		<datafield tag="300" ind1=" " ind2=" ">
			<subfield code="a">1 v. (theater program).</subfield>
		</datafield>
		<datafield tag="520" ind1=" " ind2=" ">
			<subfield code="a">The Music Box, Cheryl Crawford and Richard W. Krakeur present Luise
				Rainer in "A Kiss for Cinderella," by Sir James M. Barrie, with Ralph
				Forbes and Cecil Humphries, staged by Lee Strasberg, settings by Harry Horner,
				choreography by Catherine Littlefield, costumes by Paul du Pont.</subfield>
		</datafield>
		<datafield tag="500" ind1=" " ind2=" ">
			<subfield code="a">Music Box, March 22, 1942.</subfield>
		</datafield>
		<datafield tag="500" ind1=" " ind2=" ">
			<subfield code="a">"The Playbill for the Music Box"-\-Cover.</subfield>
		</datafield>
		<datafield tag="500" ind1=" " ind2=" ">
			<subfield code="a">Title devised by Library staff.</subfield>
		</datafield>
		<datafield tag="500" ind1=" " ind2=" ">
			<subfield code="a">Cast: Cecil Humphreys, Ralph Forbes, Luise Rainer, Victor Morley,
				Emily Loraine, Doris Patston, Le Roi Operti, Abby Bonime, Elizabeth Leland, Marilyn
				Chu, Patsy O'Shea, Edith King, Elinor Breckinridge, Helen Kramer, Jean Reeves, Lukas
				Hovinga, John Taras, Robert Wilson, Victor Chapin, Fred Hunter, Victor Morley,
				Roland Bottomley, Glen Langan, Ivy Troutman, Jacqueline Gately, Blanche Faye, Olga
				Daley, Doris Hughes, Beatrice Cole, Eunice Lee, Sarah Burton.</subfield>
		</datafield>
		<datafield tag="580" ind1=" " ind2=" ">
			<subfield code="a">In: Richard L. Coe Theater Programs Collection (Library of
				Congress).</subfield>
		</datafield>
		<datafield tag="500" ind1=" " ind2=" ">
			<subfield code="a">LC copy has notations by Coe.</subfield>
			<subfield code="5">DLC</subfield>
		</datafield>
		<datafield tag="655" ind1=" " ind2="7">
			<subfield code="a">Teater program</subfield>
		</datafield>
		<datafield tag="700" ind1="1" ind2=" ">
			<subfield code="a">Rainer, Luise,</subfield>
			<subfield code="d">1910-2014.</subfield>
		</datafield>
		<datafield tag="700" ind1="1" ind2=" ">
			<subfield code="a">Forbes, Ralph,</subfield>
			<subfield code="d">1905-1951.</subfield>
		</datafield>
		<datafield tag="700" ind1="1" ind2=" ">
			<subfield code="a">Humphreys, Cecil,</subfield>
			<subfield code="d">1883-1947.</subfield>
		</datafield>
		<datafield tag="700" ind1="1" ind2=" ">
			<subfield code="a">Horner, Harry.</subfield>
		</datafield>
		<datafield tag="700" ind1="1" ind2=" ">
			<subfield code="a">Strasberg, Lee.</subfield>
		</datafield>
		<datafield tag="700" ind1="1" ind2=" ">
			<subfield code="a">Barrie, J. M.</subfield>
			<subfield code="q">(James Matthew),</subfield>
			<subfield code="d">1860-1937.</subfield>
			<subfield code="t">Kiss for Cinderella.</subfield>
		</datafield>
		<datafield tag="700" ind1="1" ind2=" ">
			<subfield code="a">Coe, Richard L.</subfield>
			<subfield code="q">(Richard Livingstone),</subfield>
			<subfield code="d">1914-1995,</subfield>
			<subfield code="e">annotator.</subfield>
			<subfield code="5">DLC</subfield>
		</datafield>
		<datafield tag="710" ind1="2" ind2=" ">
			<subfield code="a">Music Box Theater (New York, N.Y.)</subfield>
		</datafield>
		<datafield tag="710" ind1="2" ind2=" ">
			<subfield code="a">Richard L. Coe Theater Programs Collection (Library of
				Congress)</subfield>
			<subfield code="5">DLC</subfield>
		</datafield>
		<datafield tag="752" ind1=" " ind2=" ">
			<subfield code="a">United States</subfield>
			<subfield code="b">New York</subfield>
			<subfield code="d">New York.</subfield>
		</datafield>
	</record>