
	<record>
		<leader>02332cam a22003853a 4500</leader>
		<controlfield tag="001">17132378</controlfield>
		<controlfield tag="005">20130607120620.0</controlfield>
		<controlfield tag="008">120124s1915 xxu 000 0 eng </controlfield>
		<datafield tag="245" ind1="0" ind2="4">
			<subfield code="a">The legend of Leonora.</subfield>
		</datafield>
		<datafield tag="260" ind1=" " ind2=" ">
			<subfield code="c">1915.</subfield>
		</datafield>
		<datafield tag="300" ind1=" " ind2=" ">
			<subfield code="a">1 v. (theater program).</subfield>
		</datafield>
		<datafield tag="520" ind1=" " ind2=" ">
			<subfield code="a">New National Theatre, direction W.H. Rapley, business management W.H.
				Fowler. Charles Frohman presents Maude Adams in "The Legend of Leonora,"
				by J.M. Barrie, to be followed by "The Ladies' Shakespeare," a play in
				three scenes, edited by J.M. Barrie.</subfield>
		</datafield>
		<datafield tag="500" ind1=" " ind2=" ">
			<subfield code="a">New National Theatre [Washington, D.C.], week commencing Monday,
				January 25, 1915, matinees Wednesday and Saturday at 2.15, evenings at 8.15. Monday,
				Wednesday and Friday evenings.</subfield>
		</datafield>
		<datafield tag="500" ind1=" " ind2=" ">
			<subfield code="a">Title devised by Library staff.</subfield>
		</datafield>
		<datafield tag="500" ind1=" " ind2=" ">
			<subfield code="a">Cast: Arthur Lewis, Morton Selten, Charles Hammond, Fred Tyler, R.
				Peyton Carter, Byron Silvers, Lionel Hogarth, Stafford Windsor, H. Gaunt, James L.
				Carhart, Willard Barton, Wallace Jackson, Joseph Simpson, James Higgins, J.s.
				Newsome, J.J. Doyle, Maude Adams, Elsie Clarens, Lenore Chippendale, Mary
				Murray.</subfield>
		</datafield>
		<datafield tag="501" ind1=" " ind2=" ">
			<subfield code="a">With: The ladies' Shakespeare / J.M. Barrie -\- Quality Street / J.M.
				Barrie. Issued together.</subfield>
		</datafield>
		<datafield tag="580" ind1=" " ind2=" ">
			<subfield code="a">In: American theater programs of the late 19th and 20th centuries
				(Library of Congress).</subfield>
		</datafield>
		<datafield tag="500" ind1=" " ind2=" ">
			<subfield code="a">LC copies shelved under: Legend of Leonora.</subfield>
			<subfield code="5">DLC</subfield>
		</datafield>
		<datafield tag="561" ind1=" " ind2=" ">
			<subfield code="a">LC copy 2: Gift: Est. of J.H. Corning, June 20, 1940.</subfield>
			<subfield code="5">DLC</subfield>
		</datafield>
		<datafield tag="500" ind1=" " ind2=" ">
			<subfield code="a">LC copy 3: Imperfect: [8] s. only of program.</subfield>
			<subfield code="5">DLC</subfield>
		</datafield>
		<datafield tag="500" ind1=" " ind2=" ">
			<subfield code="a">LC copy 4: Imperfect: [6] s. only of program.</subfield>
			<subfield code="5">DLC</subfield>
		</datafield>
		<datafield tag="655" ind1=" " ind2="7">
			<subfield code="a">Teater program</subfield>
		</datafield>
		<datafield tag="700" ind1="1" ind2=" ">
			<subfield code="a">Adams, Maude,</subfield>
			<subfield code="d">1872-1953.</subfield>
		</datafield>
		<datafield tag="700" ind1="1" ind2=" ">
			<subfield code="a">Corning, John Herbert,</subfield>
			<subfield code="d">-approximately 1940,</subfield>
			<subfield code="e">donor.</subfield>
			<subfield code="5">DLC</subfield>
		</datafield>
		<datafield tag="700" ind1="1" ind2=" ">
			<subfield code="a">Barrie, J. M.</subfield>
			<subfield code="q">(James Matthew),</subfield>
			<subfield code="d">1860-1937.</subfield>
			<subfield code="t">Legend of Leonora.</subfield>
		</datafield>
		<datafield tag="710" ind1="2" ind2=" ">
			<subfield code="a">New National Theatre (Organization : Washington, D.C.)</subfield>
		</datafield>
		<datafield tag="710" ind1="2" ind2=" ">
			<subfield code="a">Theater Playbills and Programs Collection (Library of
				Congress)</subfield>
			<subfield code="5">DLC</subfield>
		</datafield>
		<datafield tag="752" ind1=" " ind2=" ">
			<subfield code="a">United States</subfield>
			<subfield code="b">District of Columbia</subfield>
			<subfield code="d">Washington.</subfield>
		</datafield>
	</record>