
	<record>
		<leader>01585cam a22003253a 4500</leader>
		<controlfield tag="001">17279815</controlfield>
		<controlfield tag="005">20120502100456.0</controlfield>
		<controlfield tag="008">120430s1914 xxu 000 0 eng </controlfield>
		<datafield tag="245" ind1="0" ind2="4">
			<subfield code="a">The legend of Leonora.</subfield>
		</datafield>
		<datafield tag="260" ind1=" " ind2=" ">
			<subfield code="c">[1914].</subfield>
		</datafield>
		<datafield tag="300" ind1=" " ind2=" ">
			<subfield code="a">4 s. :</subfield>
			<subfield code="b">ill. ;</subfield>
			<subfield code="c">19 cm.</subfield>
		</datafield>
		<datafield tag="520" ind1=" " ind2=" ">
			<subfield code="a">Illustrated promotional advertisement brochure. "The Legend of
				Leonora," How Mr. Barrie puts a supposititious case before us. "The Ladies
				Shakespeare," a play in three scenes, being one woman's reading of a notorious
				work by William Shakespeare, called "The Taming of the Shrew," edited by
				J.M. Barrie.</subfield>
		</datafield>
		<datafield tag="500" ind1=" " ind2=" ">
			<subfield code="a">Title devised by Library staff.</subfield>
		</datafield>
		<datafield tag="500" ind1=" " ind2=" ">
			<subfield code="a">Portrait of Maude Adams on front cover with date: "c.1914
				Charles Frohman".</subfield>
		</datafield>
		<datafield tag="580" ind1=" " ind2=" ">
			<subfield code="a">In: American theater programs of the late 19th and 20th centuries
				(Library of Congress).</subfield>
		</datafield>
		<datafield tag="500" ind1=" " ind2=" ">
			<subfield code="a">LC copy shelved under: Legend of Leonora.</subfield>
			<subfield code="5">DLC</subfield>
		</datafield>
		<datafield tag="655" ind1=" " ind2="7">
			<subfield code="a">Teater program</subfield>
		</datafield>
		<datafield tag="700" ind1="1" ind2=" ">
			<subfield code="a">Adams, Maude,</subfield>
			<subfield code="d">1872-1953.</subfield>
		</datafield>
		<datafield tag="700" ind1="1" ind2=" ">
			<subfield code="a">Barrie, J. M.</subfield>
			<subfield code="q">(James Matthew),</subfield>
			<subfield code="d">1860-1937.</subfield>
			<subfield code="t">Legend of Leonora.</subfield>
		</datafield>
		<datafield tag="700" ind1="1" ind2=" ">
			<subfield code="a">Barrie, J. M.</subfield>
			<subfield code="q">(James Matthew),</subfield>
			<subfield code="d">1860-1937.</subfield>
			<subfield code="t">Ladies' Shakespeare.</subfield>
		</datafield>
		<datafield tag="700" ind1="1" ind2=" ">
			<subfield code="a">Shakespeare, William,</subfield>
			<subfield code="d">1564-1616.</subfield>
			<subfield code="t">Taming of the shrew.</subfield>
		</datafield>
		<datafield tag="710" ind1="2" ind2=" ">
			<subfield code="a">Theater Playbills and Programs Collection (Library of
				Congress)</subfield>
			<subfield code="5">DLC</subfield>
		</datafield>
		<datafield tag="740" ind1="0" ind2=" ">
			<subfield code="a">Ladies' Shakespeare.</subfield>
		</datafield>
		<datafield tag="752" ind1=" " ind2=" ">
			<subfield code="a">United States.</subfield>
		</datafield>
	</record>