
	<record>
		<leader>02026cam a22003493a 4500</leader>
		<controlfield tag="001">17134312</controlfield>
		<controlfield tag="005">20130607120723.0</controlfield>
		<controlfield tag="008">120125s1910 xxu 000 0 eng </controlfield>
		<datafield tag="245" ind1="0" ind2="4">
			<subfield code="a">The little minister.</subfield>
		</datafield>
		<datafield tag="260" ind1=" " ind2=" ">
			<subfield code="c">1910.</subfield>
		</datafield>
		<datafield tag="300" ind1=" " ind2=" ">
			<subfield code="a">1 v. (theater program).</subfield>
		</datafield>
		<datafield tag="520" ind1=" " ind2=" ">
			<subfield code="a">Belasco Theatre, Washington, D.C., David Belasco and Sam S. and Lee
				Shubert, proprietors and managers, direction of Sam S. and Lee Shubert (Inc.), L.
				Stoddard Taylor, resident manager. The Ben Greet Players in "The Little
				Minister," a comedy in four acts by J.M. Barrie.</subfield>
		</datafield>
		<datafield tag="500" ind1=" " ind2=" ">
			<subfield code="a">Belasco Theatre, Washington, D.C., week of Monday, June 6, 1910,
				matinees Wednesday and Saturday.</subfield>
		</datafield>
		<datafield tag="500" ind1=" " ind2=" ">
			<subfield code="a">Title devised by Library staff.</subfield>
		</datafield>
		<datafield tag="500" ind1=" " ind2=" ">
			<subfield code="a">"Belasco Theater program, Washington, D.C., Vol. 5, no.
				38"-\-s. 8.</subfield>
		</datafield>
		<datafield tag="500" ind1=" " ind2=" ">
			<subfield code="a">Cast: Dallas Anderson, John Barrington, A. Hylton Allen, Violet
				Vivian, Emilie Michele, Augustine Phillips, Charles Hopkis, J. Sawyer Crawley, Irene
				Bevens, Maurice H. Jarvis, Robert Grayle, J.S. MsSween, George Wendell, Leslie
				Howard, Georgiana Thomas, Patricia Williamson.</subfield>
		</datafield>
		<datafield tag="580" ind1=" " ind2=" ">
			<subfield code="a">In: American theater programs of the late 19th and 20th centuries
				(Library of Congress).</subfield>
		</datafield>
		<datafield tag="561" ind1=" " ind2=" ">
			<subfield code="a">LC copy: Gift: Est. of J.H. Corning, June 20, 1940. Imperfect: s.
				7-10 only of program.</subfield>
			<subfield code="5">DLC</subfield>
		</datafield>
		<datafield tag="655" ind1=" " ind2="7">
			<subfield code="a">Teater program</subfield>
		</datafield>
		<datafield tag="700" ind1="1" ind2=" ">
			<subfield code="a">Corning, John Herbert,</subfield>
			<subfield code="d">-approximately 1940,</subfield>
			<subfield code="e">donor.</subfield>
			<subfield code="5">DLC</subfield>
		</datafield>
		<datafield tag="700" ind1="1" ind2=" ">
			<subfield code="a">Barrie, J. M.</subfield>
			<subfield code="q">(James Matthew),</subfield>
			<subfield code="d">1860-1937.</subfield>
			<subfield code="t">Little minister.</subfield>
		</datafield>
		<datafield tag="710" ind1="2" ind2=" ">
			<subfield code="a">Ben Greet Players.</subfield>
		</datafield>
		<datafield tag="710" ind1="2" ind2=" ">
			<subfield code="a">Belasco Theatre (Organization : Washington, D.C.)</subfield>
		</datafield>
		<datafield tag="710" ind1="2" ind2=" ">
			<subfield code="a">Theater Playbills and Programs Collection (Library of
				Congress)</subfield>
			<subfield code="5">DLC</subfield>
		</datafield>
		<datafield tag="752" ind1=" " ind2=" ">
			<subfield code="a">United States</subfield>
			<subfield code="b">District of Columbia</subfield>
			<subfield code="d">Washington.</subfield>
		</datafield>
	</record>