
	<record>
		<leader>02099cam a22003613a 4500</leader>
		<controlfield tag="001">17134240</controlfield>
		<controlfield tag="005">20120430094228.0</controlfield>
		<controlfield tag="008">120125s1905 xxu 000 0 eng </controlfield>
		<datafield tag="245" ind1="0" ind2="4">
			<subfield code="a">The little minister.</subfield>
		</datafield>
		<datafield tag="260" ind1=" " ind2=" ">
			<subfield code="c">1905.</subfield>
		</datafield>
		<datafield tag="300" ind1=" " ind2=" ">
			<subfield code="a">1 v. (theater program).</subfield>
		</datafield>
		<datafield tag="520" ind1=" " ind2=" ">
			<subfield code="a">New National Theatre, Wm. H. Rapley, manager, Wm. H. Fowler,
				treasurer. Charles Frohman presents Miss Maude Adams in the comedy, in four acts,
				entitled "The Little Minister," by J.M. Barrie, followed by the play, in
				one act, "'Op o' Me Thumb," by Frederick Fenn and Richard
				Bryce.</subfield>
		</datafield>
		<datafield tag="500" ind1=" " ind2=" ">
			<subfield code="a">New National Theatre [Washington, D.C.], week of Monday, April 17,
				1905, only matinee Saturday. Evenings at 8.00, Saturday matinee at 2.00.</subfield>
		</datafield>
		<datafield tag="500" ind1=" " ind2=" ">
			<subfield code="a">Title devised by Library staff.</subfield>
		</datafield>
		<datafield tag="500" ind1=" " ind2=" ">
			<subfield code="a">Cast: Arthur Byron, Eugene Jepson, George Irving, Lloyd Carleton,
				Charles Walcot, J.M. Francouer, Violet Rand, Wallace Jackson, Richard Pitman, Wm.
				Henderson, Charles Pitt, T.C. Valentine, Mrs. W.G. Jones, Margaret Gordon, May
				Galyer, Maude Adams.</subfield>
		</datafield>
		<datafield tag="501" ind1=" " ind2=" ">
			<subfield code="a">With: 'Op 'o me thumb / Frederick Fenn and Richard Bryce. Issued
				together.</subfield>
		</datafield>
		<datafield tag="580" ind1=" " ind2=" ">
			<subfield code="a">In: American theater programs of the late 19th and 20th centuries
				(Library of Congress).</subfield>
		</datafield>
		<datafield tag="500" ind1=" " ind2=" ">
			<subfield code="a">LC copy shelved under: Little minister. Incomplete: [12] s. only of
				program.</subfield>
			<subfield code="5">DLC</subfield>
		</datafield>
		<datafield tag="655" ind1=" " ind2="7">
			<subfield code="a">Teater program</subfield>
		</datafield>
		<datafield tag="700" ind1="1" ind2=" ">
			<subfield code="a">Adams, Maude,</subfield>
			<subfield code="d">1872-1953.</subfield>
		</datafield>
		<datafield tag="700" ind1="1" ind2=" ">
			<subfield code="a">Frohman, Charles,</subfield>
			<subfield code="d">1860-1915.</subfield>
		</datafield>
		<datafield tag="700" ind1="1" ind2=" ">
			<subfield code="a">Barrie, J. M.</subfield>
			<subfield code="q">(James Matthew),</subfield>
			<subfield code="d">1860-1937.</subfield>
			<subfield code="t">Little minister.</subfield>
		</datafield>
		<datafield tag="710" ind1="2" ind2=" ">
			<subfield code="a">New National Theatre (Organization : Washington, D.C.)</subfield>
		</datafield>
		<datafield tag="710" ind1="2" ind2=" ">
			<subfield code="a">Theater Playbills and Programs Collection (Library of
				Congress)</subfield>
			<subfield code="5">DLC</subfield>
		</datafield>
		<datafield tag="752" ind1=" " ind2=" ">
			<subfield code="a">United States</subfield>
			<subfield code="b">District of Columbia</subfield>
			<subfield code="d">Washington.</subfield>
		</datafield>
	</record>