
	<record>
		<leader>02003cam a22003613a 4500</leader>
		<controlfield tag="001">17281110</controlfield>
		<controlfield tag="005">20160811114205.0</controlfield>
		<controlfield tag="008">120501s1900 xxu 000 0 eng </controlfield>
		<datafield tag="245" ind1="0" ind2="4">
			<subfield code="a">The little minister.</subfield>
		</datafield>
		<datafield tag="260" ind1=" " ind2=" ">
			<subfield code="c">[1900].</subfield>
		</datafield>
		<datafield tag="300" ind1=" " ind2=" ">
			<subfield code="a">1 v. (theater program).</subfield>
		</datafield>
		<datafield tag="520" ind1=" " ind2=" ">
			<subfield code="a">Criterion Theatre, Broadway and 44th St., Charles Frohman, manager.
				Mr. Charles Frohman again presents Miss Maude Adams in an original production of a
				new comedy, in four acts, entitled "The Little Minister," by J.M. Barrie,
				founded on his novel of the same name.</subfield>
		</datafield>
		<datafield tag="500" ind1=" " ind2=" ">
			<subfield code="a">Criterion Theatre [New York, N.Y., 1900?], evenings at 8.30, matinee,
				Wednesdy and Saturday at 2.15.</subfield>
		</datafield>
		<datafield tag="500" ind1=" " ind2=" ">
			<subfield code="a">Title devised by Library staff.</subfield>
		</datafield>
		<datafield tag="500" ind1=" " ind2=" ">
			<subfield code="a">Cast: Orrin Johnson, Eugene Jepson, George Irving, Frederick Spencer,
				William H. Thompson, George Fawcett, Fernanda Eliscu, Wallace Jackson, R. Peyton
				Carter, Norman Campbell, Lloyd Carleton, Thomas Valentine, Mrs. W.G. Jones, Margaret
				Gordon, Sarah Converse, Maude Adams.</subfield>
		</datafield>
		<datafield tag="501" ind1=" " ind2=" ">
			<subfield code="a">With: The Princess Chic. Issued together.</subfield>
		</datafield>
		<datafield tag="580" ind1=" " ind2=" ">
			<subfield code="a">In: American theater programs of the late 19th and 20th centuries
				(Library of Congress).</subfield>
		</datafield>
		<datafield tag="500" ind1=" " ind2=" ">
			<subfield code="a">LC copy imperfect: [2] s. only from program. Shelved under: Little
				minister.</subfield>
			<subfield code="5">DLC</subfield>
		</datafield>
		<datafield tag="655" ind1=" " ind2="7">
			<subfield code="a">Teater program</subfield>
		</datafield>
		<datafield tag="700" ind1="1" ind2=" ">
			<subfield code="a">Adams, Maude,</subfield>
			<subfield code="d">1872-1953.</subfield>
		</datafield>
		<datafield tag="700" ind1="1" ind2=" ">
			<subfield code="a">Frohman, Charles,</subfield>
			<subfield code="d">1860-1915.</subfield>
		</datafield>
		<datafield tag="700" ind1="1" ind2=" ">
			<subfield code="a">Barrie, J. M.</subfield>
			<subfield code="q">(James Matthew),</subfield>
			<subfield code="d">1860-1937.</subfield>
			<subfield code="t">Little minister.</subfield>
		</datafield>
		<datafield tag="710" ind1="2" ind2=" ">
			<subfield code="a">Criterion Theatre (New York, N.Y.)</subfield>
		</datafield>
		<datafield tag="710" ind1="2" ind2=" ">
			<subfield code="a">Theater Playbills and Programs Collection (Library of
				Congress)</subfield>
			<subfield code="5">DLC</subfield>
		</datafield>
		<datafield tag="752" ind1=" " ind2=" ">
			<subfield code="a">United States</subfield>
			<subfield code="b">New York</subfield>
			<subfield code="d">New York.</subfield>
		</datafield>
	</record>