
	<record>
		<leader>01200cam a22003133a 4500</leader>
		<controlfield tag="001">16410385</controlfield>
		<controlfield tag="005">20100813181841.0</controlfield>
		<controlfield tag="008">900202t19901989nyu 000 1 eng d</controlfield>
		<datafield tag="035" ind1=" " ind2=" ">
			<subfield code="a">(OCoLC)ocm20989295</subfield>
		</datafield>
		<datafield tag="020" ind1=" " ind2=" ">
			<subfield code="a">0553282530 :</subfield>
		</datafield>
		<datafield tag="245" ind1="0" ind2="0">
			<subfield code="a">Ace in the hole :</subfield>
			<subfield code="b">a Wild cards mosaic novel /</subfield>
			<subfield code="c">edited by George R.R. Martin ; assisted by Melinda M. Snodgrass and
				written by Walton Simons ... [et al.].</subfield>
		</datafield>
		<datafield tag="260" ind1=" " ind2=" ">
			<subfield code="a">New York :</subfield>
			<subfield code="b">Bantam Books,</subfield>
			<subfield code="c">[1990], c1989.</subfield>
		</datafield>
		<datafield tag="300" ind1=" " ind2=" ">
			<subfield code="a">385 s. ;</subfield>
			<subfield code="c">18 cm.</subfield>
		</datafield>
		<datafield tag="490" ind1="1" ind2=" ">
			<subfield code="a">Wild cards / edited by George R.R. Martin ;</subfield>
			<subfield code="v">6</subfield>
		</datafield>
		<datafield tag="500" ind1=" " ind2=" ">
			<subfield code="a">"A Bantam spectra book."-\-T.s. verso.</subfield>
		</datafield>
		<datafield tag="655" ind1=" " ind2="7">
			<subfield code="a">Science-fiction</subfield>
		</datafield>
		<datafield tag="700" ind1="1" ind2=" ">
			<subfield code="a">Martin, George R. R.</subfield>
		</datafield>
		<datafield tag="700" ind1="1" ind2=" ">
			<subfield code="a">Snodgrass, Melinda M.,</subfield>
			<subfield code="d">1951-</subfield>
		</datafield>
		<datafield tag="700" ind1="1" ind2=" ">
			<subfield code="a">Simons, Walton.</subfield>
		</datafield>
		<datafield tag="710" ind1="2" ind2=" ">
			<subfield code="a">Copyright Paperback Collection (Library of Congress)</subfield>
			<subfield code="5">DLC</subfield>
		</datafield>
	</record>