
	<record>
		<leader>01031cam a22002773a 4500</leader>
		<controlfield tag="001">14534029</controlfield>
		<controlfield tag="005">20060905135303.0</controlfield>
		<controlfield tag="008">880614s1988 onc 000 1 eng d</controlfield>
		<datafield tag="042" ind1=" " ind2=" ">
			<subfield code="a">lccopycat</subfield>
		</datafield>
		<datafield tag="035" ind1=" " ind2=" ">
			<subfield code="a">(OCoLC)ocm18089051</subfield>
		</datafield>
		<datafield tag="020" ind1=" " ind2=" ">
			<subfield code="a">055327628X :</subfield>
		</datafield>
		<datafield tag="245" ind1="0" ind2="0">
			<subfield code="a">Aces abroad :</subfield>
			<subfield code="b">a wild cards mosaic novel /</subfield>
			<subfield code="c">edited by George R.R. Martin and written by Stephen Leigh ... [et
				al].</subfield>
		</datafield>
		<datafield tag="260" ind1=" " ind2=" ">
			<subfield code="a">Toronto ;</subfield>
			<subfield code="a">New York :</subfield>
			<subfield code="b">Bantam,</subfield>
			<subfield code="c">1988.</subfield>
		</datafield>
		<datafield tag="300" ind1=" " ind2=" ">
			<subfield code="a">466, [1] s. ;</subfield>
			<subfield code="c">18 cm.</subfield>
		</datafield>
		<datafield tag="440" ind1=" " ind2="0">
			<subfield code="a">Wild cards ;</subfield>
			<subfield code="v">4</subfield>
		</datafield>
		<datafield tag="655" ind1=" " ind2="7">
			<subfield code="a">Science-fiction</subfield>
		</datafield>
		<datafield tag="700" ind1="1" ind2=" ">
			<subfield code="a">Martin, George R. R.</subfield>
		</datafield>
		<datafield tag="700" ind1="1" ind2=" ">
			<subfield code="a">Leigh, Stephen.</subfield>
		</datafield>
		<datafield tag="710" ind1="2" ind2=" ">
			<subfield code="a">Copyright Paperback Collection (Library of Congress)</subfield>
			<subfield code="5">DLC</subfield>
		</datafield>
	</record>