
	<record>
		<leader>02157cam a2200457 i 4500</leader>
		<controlfield tag="001">18671946</controlfield>
		<controlfield tag="005">20150709172835.0</controlfield>
		<controlfield tag="008">150624s2015 nyu 000 1 eng d</controlfield>
		<datafield tag="020" ind1=" " ind2=" ">
			<subfield code="a">9780765335586 </subfield>
		</datafield>
		<datafield tag="035" ind1=" " ind2=" ">
			<subfield code="a">(OCoLC)ocn879582581</subfield>
		</datafield>
		<datafield tag="042" ind1=" " ind2=" ">
			<subfield code="a">lccopycat</subfield>
		</datafield>
		<datafield tag="082" ind1="0" ind2="4">
			<subfield code="a">813.1</subfield>
			<subfield code="2">23</subfield>
		</datafield>
		<datafield tag="245" ind1="0" ind2="0">
			<subfield code="a">Aces abroad /</subfield>
			<subfield code="c">edited by George R. R. Martin and written by Stephen Leigh [and 11
				others].</subfield>
		</datafield>
		<datafield tag="250" ind1=" " ind2=" ">
			<subfield code="a">First Tor edition.</subfield>
		</datafield>
		<datafield tag="264" ind1=" " ind2="1">
			<subfield code="a">New York, NY :</subfield>
			<subfield code="b">Tor,</subfield>
			<subfield code="c">2015.</subfield>
		</datafield>
		<datafield tag="300" ind1=" " ind2=" ">
			<subfield code="a">524 s. ;</subfield>
			<subfield code="c">24 cm</subfield>
		</datafield>
		<datafield tag="490" ind1="1" ind2=" ">
			<subfield code="a">Wild cards ;</subfield>
			<subfield code="v">4</subfield>
		</datafield>
		<datafield tag="500" ind1=" " ind2=" ">
			<subfield code="a">"A Tom Doherty Associates book."</subfield>
		</datafield>
		<datafield tag="505" ind1="0" ind2=" ">
			<subfield code="a">The tint of hatred / Stephen Leigh -\- The journal of Xavier Desmond /
				George R. R. Martin -\- Beasts of burden / John J. Miller -\- Blood rights / Leanne C.
				Harper -\- Warts and all / Kevin Andrew Murphy -\- Down by the Nile / Gail
				Gerstner-Miller -\- The teardrop of India / Walton Simons -\- Down in the dreamtime /
				Edward Bryant -\- Zero hour / Lewis Shiner -\- Always spring in Prague / Carrie Vaughn
				-\- Puppets / Victor W. Milán -\- Mirrors of the soul / Melinda M. Snodgrass -\-
				Legends / Michael Cassutt.</subfield>
		</datafield>
		<datafield tag="655" ind1=" " ind2="7">
			<subfield code="a">Science-fiction.</subfield>
		</datafield>
		<datafield tag="700" ind1="1" ind2=" ">
			<subfield code="a">Martin, George R. R.,</subfield>
			<subfield code="e">editor.</subfield>
		</datafield>
		<datafield tag="700" ind1="1" ind2=" ">
			<subfield code="a">Leigh, Stephen,</subfield>
			<subfield code="e">author.</subfield>
		</datafield>
	</record>