
	<record>
		<leader>01733cam a2200373 a 4500</leader>
		<controlfield tag="001">16826977</controlfield>
		<controlfield tag="005">20120206140659.0</controlfield>
		<controlfield tag="008">110614s2011 nyu 000 1 eng </controlfield>
		<datafield tag="020" ind1=" " ind2=" ">
			<subfield code="a">9780765326164 </subfield>
		</datafield>
		<datafield tag="035" ind1=" " ind2=" ">
			<subfield code="a">(OCoLC)ocn707969500</subfield>
		</datafield>
		<datafield tag="042" ind1=" " ind2=" ">
			<subfield code="a">pcc</subfield>
		</datafield>
		<datafield tag="082" ind1="0" ind2="0">
			<subfield code="a">813/.087620806</subfield>
			<subfield code="2">23</subfield>
		</datafield>
		<datafield tag="084" ind1=" " ind2=" ">
			<subfield code="a">FIC028000</subfield>
			<subfield code="2">bisacsh</subfield>
		</datafield>
		<datafield tag="245" ind1="0" ind2="0">
			<subfield code="a">Aces high /</subfield>
			<subfield code="c">edited by George R.R. Martin</subfield>
		</datafield>
		<datafield tag="250" ind1=" " ind2=" ">
			<subfield code="a">1st Tor paperback ed.</subfield>
		</datafield>
		<datafield tag="260" ind1=" " ind2=" ">
			<subfield code="a">New York :</subfield>
			<subfield code="b">Tor Books,</subfield>
			<subfield code="c">2011.</subfield>
		</datafield>
		<datafield tag="300" ind1=" " ind2=" ">
			<subfield code="a">399 s. ;</subfield>
			<subfield code="c">24 cm.</subfield>
		</datafield>
		<datafield tag="490" ind1="1" ind2=" ">
			<subfield code="a">Wild cards ;</subfield>
			<subfield code="v">II</subfield>
		</datafield>
		<datafield tag="500" ind1=" " ind2=" ">
			<subfield code="a">"A Tom Doherty Associates Book."</subfield>
		</datafield>
		<datafield tag="520" ind1=" " ind2=" ">
			<subfield code="a">"After the alien virus struck humanity in the wake of World War
				II, a handful of the survivors found they possessed superhuman powers. The Wild
				Cards shared-world volumes tell their story. Here in book two, we trace these heroes
				and villains through the tumultuous 1980s, in stories from SF and fantasy giants
				such as George R. R. Martin, Roger Zelazny, Pat Cadigan, Lewis Shiner, Walter Jon
				Williams, and others"-\-</subfield>
			<subfield code="c">Provided by publisher.</subfield>
		</datafield>
		<datafield tag="655" ind1=" " ind2="0">
			<subfield code="a">Science-fiction</subfield>
		</datafield>
		<datafield tag="700" ind1="1" ind2=" ">
			<subfield code="a">Martin, George R. R.</subfield>
		</datafield>
	</record>