
	<record>
		<leader>00922cam a22002655a 4500</leader>
		<controlfield tag="001">17329876</controlfield>
		<controlfield tag="005">20120602105246.0</controlfield>
		<controlfield tag="008">120602s1981 nyua 000 0 eng d</controlfield>
		<datafield tag="020" ind1=" " ind2=" ">
			<subfield code="a">9780440107576 </subfield>
		</datafield>
		<datafield tag="035" ind1=" " ind2=" ">
			<subfield code="a">(OCoLC)ocm07243641</subfield>
		</datafield>
		<datafield tag="042" ind1=" " ind2=" ">
			<subfield code="a">lccopycat</subfield>
		</datafield>
		<datafield tag="245" ind1="0" ind2="0">
			<subfield code="a">Binary star no. 5. /</subfield>
			<subfield code="c">[illustrated by Jack Gaugham].</subfield>
		</datafield>
		<datafield tag="260" ind1=" " ind2=" ">
			<subfield code="a">New York :</subfield>
			<subfield code="b">Dell,</subfield>
			<subfield code="c">1981.</subfield>
		</datafield>
		<datafield tag="300" ind1=" " ind2=" ">
			<subfield code="a">239 s. :</subfield>
			<subfield code="b">ill. ;</subfield>
			<subfield code="c">18 cm.</subfield>
		</datafield>
		<datafield tag="505" ind1="0" ind2=" ">
			<subfield code="a">Nightflyers / George R.R. Martin -\- True names / Vernor
				Vinge.</subfield>
		</datafield>
		<datafield tag="700" ind1="1" ind2=" ">
			<subfield code="a">Martin, George R. R.</subfield>
			<subfield code="t">Nightflyers.</subfield>
		</datafield>
		<datafield tag="700" ind1="1" ind2=" ">
			<subfield code="a">Vinge, Vernor.</subfield>
			<subfield code="t">True names.</subfield>
		</datafield>
		<datafield tag="710" ind1="2" ind2=" ">
			<subfield code="a">Copyright Paperback Collection (Library of Congress)</subfield>
			<subfield code="5">DLC</subfield>
		</datafield>
		<datafield tag="740" ind1="0" ind2=" ">
			<subfield code="a">True names.</subfield>
		</datafield>
		<datafield tag="740" ind1="0" ind2=" ">
			<subfield code="a">Nightflyers.</subfield>
		</datafield>
	</record>