
	<record>
		<leader>01325cam a2200325 a 4500</leader>
		<controlfield tag="001">15416528</controlfield>
		<controlfield tag="005">20090302143619.0</controlfield>
		<controlfield tag="008">080818s2008 nyu 000 1 eng </controlfield>
		<datafield tag="020" ind1=" " ind2=" ">
			<subfield code="a">9780765317827 </subfield>
		</datafield>
		<datafield tag="035" ind1=" " ind2=" ">
			<subfield code="a">(OCoLC)223884607</subfield>
		</datafield>
		<datafield tag="082" ind1="0" ind2="0">
			<subfield code="a">813/.54</subfield>
			<subfield code="2">22</subfield>
		</datafield>
		<datafield tag="245" ind1="0" ind2="0">
			<subfield code="a">Busted flush :</subfield>
			<subfield code="b">a wild cards mosaic novel /</subfield>
			<subfield code="c">edited by George R.R. Martin ; assisted by Melinda M. Snodgrass ; and
				written by S.L. Farrell ... [et al.].</subfield>
		</datafield>
		<datafield tag="250" ind1=" " ind2=" ">
			<subfield code="a">1st ed.</subfield>
		</datafield>
		<datafield tag="260" ind1=" " ind2=" ">
			<subfield code="a">New York :</subfield>
			<subfield code="b">Tor,</subfield>
			<subfield code="c">2008.</subfield>
		</datafield>
		<datafield tag="300" ind1=" " ind2=" ">
			<subfield code="a">398 s. ;</subfield>
			<subfield code="c">25 cm.</subfield>
		</datafield>
		<datafield tag="490" ind1="1" ind2=" ">
			<subfield code="a">The wild cards series</subfield>
		</datafield>
		<datafield tag="500" ind1=" " ind2=" ">
			<subfield code="a">"A sci fi essential book"-\-Jacket.</subfield>
		</datafield>
		<datafield tag="500" ind1=" " ind2=" ">
			<subfield code="a">"A Tom Doherty Associates book."</subfield>
		</datafield>
		<datafield tag="655" ind1=" " ind2="7">
			<subfield code="a">Science fiction.</subfield>
		</datafield>
		<datafield tag="700" ind1="1" ind2=" ">
			<subfield code="a">Martin, George R. R.</subfield>
		</datafield>
		<datafield tag="700" ind1="1" ind2=" ">
			<subfield code="a">Snodgrass, Melinda M.,</subfield>
			<subfield code="d">1951-</subfield>
		</datafield>
		<datafield tag="700" ind1="1" ind2=" ">
			<subfield code="a">Leigh, Stephen.</subfield>
		</datafield>
	</record>