
	<record>
		<leader>01258nam a22003257a 4500</leader>
		<controlfield tag="001">2058916</controlfield>
		<controlfield tag="005">19940202125400.0</controlfield>
		<controlfield tag="008">930621s1993 nyu 000 0 eng </controlfield>
		<datafield tag="035" ind1=" " ind2=" ">
			<subfield code="9">(DLC) 93168989</subfield>
		</datafield>
		<datafield tag="020" ind1=" " ind2=" ">
			<subfield code="a">0671721593 :</subfield>
		</datafield>
		<datafield tag="245" ind1="0" ind2="0">
			<subfield code="a">Card sharks :</subfield>
			<subfield code="b">a wild cards mosaic novel /</subfield>
			<subfield code="c">edited by George R.R. Martin ; assistant editor, Melinda M. Snograss
				; and written by Roger Zelazny ... [et al.].</subfield>
		</datafield>
		<datafield tag="260" ind1=" " ind2=" ">
			<subfield code="a">Riverdale, N.Y. :</subfield>
			<subfield code="b">Baen ;</subfield>
			<subfield code="a">New York, N.Y. :</subfield>
			<subfield code="b">Distributed by Simon & Schuster,</subfield>
			<subfield code="c">c1993.</subfield>
		</datafield>
		<datafield tag="300" ind1=" " ind2=" ">
			<subfield code="a">452 s. ;</subfield>
			<subfield code="c">18 cm.</subfield>
		</datafield>
		<datafield tag="490" ind1="0" ind2=" ">
			<subfield code="a">Wild cards. New cycle ;</subfield>
			<subfield code="v">bk. 1</subfield>
		</datafield>
		<datafield tag="500" ind1=" " ind2=" ">
			<subfield code="a">"Baen SF"-\-Spine.</subfield>
		</datafield>
		<datafield tag="500" ind1=" " ind2=" ">
			<subfield code="a">Source: Copyright deposit, Apr. 15, 1993.</subfield>
			<subfield code="5">DLC</subfield>
		</datafield>
		<datafield tag="655" ind1=" " ind2="7">
			<subfield code="a">Science fiction.</subfield>
		</datafield>
		<datafield tag="700" ind1="1" ind2=" ">
			<subfield code="a">Martin, George R. R.</subfield>
		</datafield>
		<datafield tag="700" ind1="1" ind2=" ">
			<subfield code="a">Snodgrass, Melinda M.,</subfield>
			<subfield code="d">1951-</subfield>
		</datafield>
		<datafield tag="700" ind1="1" ind2=" ">
			<subfield code="a">Zelazny, Roger.</subfield>
		</datafield>
		<datafield tag="710" ind1="2" ind2=" ">
			<subfield code="a">Baen Publishing Enterprises.</subfield>
		</datafield>
		<datafield tag="710" ind1="2" ind2=" ">
			<subfield code="a">Copyright Paperback Collection (Library of Congress)</subfield>
			<subfield code="5">DLC</subfield>
		</datafield>
	</record>