
	<record>
		<leader>00760nam a22002293a 4500</leader>
		<controlfield tag="001">16390139</controlfield>
		<controlfield tag="005">20100811083218.0</controlfield>
		<controlfield tag="008">980331s1993 xxu 000 1 eng </controlfield>
		<datafield tag="035" ind1=" " ind2=" ">
			<subfield code="a">(DLC) 97822466</subfield>
		</datafield>
		<datafield tag="245" ind1="1" ind2="0">
			<subfield code="a">Card sharks /</subfield>
			<subfield code="c">edited by George R.R. Martin.</subfield>
		</datafield>
		<datafield tag="260" ind1=" " ind2=" ">
			<subfield code="a">Riverdale, NY :</subfield>
			<subfield code="b">Baen,</subfield>
			<subfield code="c">c1993.</subfield>
		</datafield>
		<datafield tag="300" ind1=" " ind2=" ">
			<subfield code="a">452 s.</subfield>
		</datafield>
		<datafield tag="490" ind1="0" ind2=" ">
			<subfield code="a">A wild cards mosaic novel ;</subfield>
			<subfield code="v">bk. 1</subfield>
		</datafield>
		<datafield tag="655" ind1=" " ind2="0">
			<subfield code="a">Science-fiction</subfield>
		</datafield>
		<datafield tag="700" ind1="1" ind2=" ">
			<subfield code="a">Martin, George R. R.</subfield>
		</datafield>
		<datafield tag="710" ind1="2" ind2=" ">
			<subfield code="a">Copyright Paperback Collection (Library of Congress)</subfield>
			<subfield code="5">DLC</subfield>
		</datafield>
	</record>