
	<record>
		<leader>03963cam a2200397 i 4500</leader>
		<controlfield tag="001">17742196</controlfield>
		<controlfield tag="005">20141211160616.0</controlfield>
		<controlfield tag="008">130517s2013 nyu 000 1 eng </controlfield>
		<datafield tag="020" ind1=" " ind2=" ">
			<subfield code="a">9780765332066</subfield>
		</datafield>
		<datafield tag="042" ind1=" " ind2=" ">
			<subfield code="a">pcc</subfield>
		</datafield>
		<datafield tag="082" ind1="0" ind2="0">
			<subfield code="a">813/.01083522</subfield>
			<subfield code="2">23</subfield>
		</datafield>
		<datafield tag="084" ind1=" " ind2=" ">
			<subfield code="a">FIC009000</subfield>
			<subfield code="2">bisacsh</subfield>
		</datafield>
		<datafield tag="245" ind1="0" ind2="0">
			<subfield code="a">Dangerous women /</subfield>
			<subfield code="c">edited by George R. R. Martin and Gardner Dozois.</subfield>
		</datafield>
		<datafield tag="250" ind1=" " ind2=" ">
			<subfield code="a">First Edition.</subfield>
		</datafield>
		<datafield tag="264" ind1=" " ind2="1">
			<subfield code="a">New York :</subfield>
			<subfield code="b">Tor,</subfield>
			<subfield code="c">2013.</subfield>
		</datafield>
		<datafield tag="300" ind1=" " ind2=" ">
			<subfield code="a">784 s. ;</subfield>
			<subfield code="c">25 cm.</subfield>
		</datafield>
		<datafield tag="500" ind1=" " ind2=" ">
			<subfield code="a">"A Tom dooherty Associates Book."</subfield>
		</datafield>
		<datafield tag="500" ind1=" " ind2=" ">
			<subfield code="a">Includes an Introduction by Gardner Dozois (s. 13-15).</subfield>
		</datafield>
		<datafield tag="520" ind1=" " ind2=" ">
			<subfield code="a">"All new and original to this volume, the 21 stories in
				Dangerous Women include work by twelve New York Times bestsellers, and seven stories
				set in the authors' bestselling continuities-\-including a new "Outlander"
				story by Diana Gabaldon, a tale of Harry Dresden's world by Jim Butcher, a story
				from Lev Grossman set in the world of The Magicians, and a 35,000-word novella by
				George R. R. Martin about the Dance of the Dragons, the vast civil war that tore
				Westeros apart nearly two centuries before the events of A Game of Thrones. Also
				included are original stories of dangerous women-\-heroines and villains alike-\-by
				Brandon Sanderson, Joe Abercrombie, Sherilynn Kenyon, Lawrence Block, Carrie Vaughn,
				S. M. Stirling, Sharon Kay Penman, and many others. Writes Gardner Dozois in his
				Introduction, "Here you'll find no hapless victims who stand by whimpering in
				dread while the male hero fights the monster or clashes swords with the villain, and
				if you want to tie these women to the railroad tracks, you'll find you have a real
				fight on your hands. Instead, you will find sword-wielding women warriors, intrepid
				women fighter pilots and far-ranging spacewomen, deadly female serial killers,
				formidable female superheroes, sly and seductive femmes fatale, female wizards,
				hard-living Bad Girls, female bandits and rebels, embattled survivors in
				Post-Apocalyptic futures, female Private Investigators, stern female hanging judges,
				haughty queens who rule nations and whose jealousies and ambitions send thousands to
				grisly deaths, daring dragonriders, and many more.""-\-</subfield>
			<subfield code="c">Provided by publisher.</subfield>
		</datafield>
		<datafield tag="505" ind1="0" ind2=" ">
			<subfield code="a">SOME DESPERADO / by Joe Abercrombie -\- MY HEART IS EITHER BROKEN / by
				Megan Abbott -\- NORA'S SONG / by Cecelia Holland -\- THE HANDS THAT ARE NOT THERE /
				by Melinda Snodgrass -\- BOMBSHELLS / by Jim Butcher -\- RAISA STEPANOVA / by Carrie
				Vaughn -\- WRESTLING JESUS / by Joe R. Lansdale -\- NEIGHBORS / by Megan Lindholm -\- I
				KNOW HOW TO PICK 'EM / by Lawrence Block -\- SHADOWS FOR SILENCE IN THE FORESTS OF
				HELL / by Brandon Sanderson -\- A QUEEN IN EXILE / by Sharon Kay Penman -\- THE GIRL
				IN THE MIRROR / by Lev Grossman -\- SECOND ARABESQUE, VERY SLOWLY / by Nancy Kress -\-
				CITY LAZARUS / by Diana Rowland -\- VIRGINS / by Diana Gabaldon -\- HELL HATH NO FURY
				/ by Sherilynn Kenyon -\- PRONOUNCING DOOM / by S.M. Stirling -\- NAME THE BEAST / by
				Sam Sykes -\- CARETAKERS / by Pat Cadigan -\- LIES MY MOTHER TOLD ME / by Caroline
				Spector -\- THE PRINCESS AND THE QUEEN / by George R.R. Martin.</subfield>
		</datafield>
		<datafield tag="655" ind1=" " ind2="0">
			<subfield code="a">Fantasy</subfield>
		</datafield>
		<datafield tag="700" ind1="1" ind2=" ">
			<subfield code="a">Martin, George R. R.,</subfield>
			<subfield code="e">editor of compilation.</subfield>
		</datafield>
		<datafield tag="700" ind1="1" ind2=" ">
			<subfield code="a">Dozois, Gardner R.,</subfield>
			<subfield code="e">editor of compilation.</subfield>
		</datafield>
	</record>