
	<record>
		<leader>02128cam a2200361 a 4500</leader>
		<controlfield tag="001">18494145</controlfield>
		<controlfield tag="005">20150713160618.0</controlfield>
		<controlfield tag="008">150214r20121992nyu 000 1 eng d</controlfield>
		<datafield tag="020" ind1=" " ind2=" ">
			<subfield code="a">9780765334527 </subfield>
		</datafield>
		<datafield tag="035" ind1=" " ind2=" ">
			<subfield code="a">(OCoLC)ocn812848098</subfield>
		</datafield>
		<datafield tag="042" ind1=" " ind2=" ">
			<subfield code="a">lccopycat</subfield>
		</datafield>
		<datafield tag="082" ind1="0" ind2="4">
			<subfield code="a">813/.0876608</subfield>
			<subfield code="2">23</subfield>
		</datafield>
		<datafield tag="245" ind1="0" ind2="0">
			<subfield code="a">After the King :</subfield>
			<subfield code="b">stories in honor of J.R.R. Tolkien /</subfield>
			<subfield code="c">edited by Martin H. Greenberg ; introduction by Jane
				Yolen.</subfield>
		</datafield>
		<datafield tag="250" ind1=" " ind2=" ">
			<subfield code="a">3rd trade pbk. ed.</subfield>
		</datafield>
		<datafield tag="260" ind1=" " ind2=" ">
			<subfield code="a">New York :</subfield>
			<subfield code="b">Tor,</subfield>
			<subfield code="c">2012, [1992]</subfield>
		</datafield>
		<datafield tag="300" ind1=" " ind2=" ">
			<subfield code="a">ix, 438 s. ;</subfield>
			<subfield code="c">24 cm</subfield>
		</datafield>
		<datafield tag="500" ind1=" " ind2=" ">
			<subfield code="a">Originally published: New York : T. Doherty Associates,
				1992.</subfield>
		</datafield>
		<datafield tag="500" ind1=" " ind2=" ">
			<subfield code="a">"A Tom Doherty Associates book."</subfield>
		</datafield>
		<datafield tag="505" ind1="0" ind2="0">
			<subfield code="t">Reave the Just /</subfield>
			<subfield code="r">Stephen R. Donaldson -\-</subfield>
			<subfield code="t">Troll bridge /</subfield>
			<subfield code="r">Terry Pratchett -\-</subfield>
			<subfield code="t">Long night's vigil at the temple /</subfield>
			<subfield code="r">Robert Silverberg -\-</subfield>
			<subfield code="t">Dragon of Tollin /</subfield>
			<subfield code="r">Elizabeth Ann Scarborough -\-</subfield>
			<subfield code="t">Faith /</subfield>
			<subfield code="r">Poul and Karen Anderson -\-</subfield>
			<subfield code="t">In the season of the dressing of the wells /</subfield>
			<subfield code="r">John Brunner -\-</subfield>
			<subfield code="t">Fellowship of the dragon /</subfield>
			<subfield code="r">Patricia A. McKillip -\-</subfield>
			<subfield code="t">Decoy duck /</subfield>
			<subfield code="r">Harry Turtledove -\-</subfield>
			<subfield code="t">Nine threads of gold /</subfield>
			<subfield code="r">Andre Norton -\-</subfield>
			<subfield code="t">Conjure man /</subfield>
			<subfield code="r">Charles de Lint -\-</subfield>
			<subfield code="t">Halfling house /</subfield>
			<subfield code="r">Dennis L. McKiernan -\-</subfield>
			<subfield code="t">Silver or gold /</subfield>
			<subfield code="r">Emma Bull -\-</subfield>
			<subfield code="t">Up the side of the air /</subfield>
			<subfield code="r">Karen Haber -\-</subfield>
			<subfield code="t">Naga /</subfield>
			<subfield code="r">Peter S. Beagle -\-</subfield>
			<subfield code="t">Revolt of the sugar plum fairies /</subfield>
			<subfield code="r">Mike Resnick -\-</subfield>
			<subfield code="t">Winter's king /</subfield>
			<subfield code="r">Jane Yolen -\-</subfield>
			<subfield code="t">Götterdämmerung /</subfield>
			<subfield code="r">Barry N. Malzberg -\-</subfield>
			<subfield code="t">Down the river road /</subfield>
			<subfield code="r">Gregory Benford -\-</subfield>
			<subfield code="t">Death and the lady /</subfield>
			<subfield code="r">Judith Tarr.</subfield>
		</datafield>
		<datafield tag="655" ind1=" " ind2="0">
			<subfield code="a">Fantasy</subfield>
		</datafield>
		<datafield tag="700" ind1="1" ind2=" ">
			<subfield code="a">Greenberg, Martin Harry.</subfield>
		</datafield>
		<datafield tag="700" ind1="1" ind2=" ">
			<subfield code="a">Tolkien, J. R. R.</subfield>
			<subfield code="q">(John Ronald Reuel),</subfield>
			<subfield code="d">1892-1973.</subfield>
		</datafield>
		<datafield tag="700" ind1="1" ind2=" ">
			<subfield code="a">Yolen, Jane.</subfield>
		</datafield>
	</record>