
	<record>
		<leader>01136cam a2200277 a 4500</leader>
		<controlfield tag="001">4852770</controlfield>
		<controlfield tag="005">20070725112700.0</controlfield>
		<controlfield tag="008">910904s1992 nyu 000 1 eng </controlfield>
		<datafield tag="035" ind1=" " ind2=" ">
			<subfield code="9">(DLC) 91034382</subfield>
		</datafield>
		<datafield tag="020" ind1=" " ind2=" ">
			<subfield code="a">0312851758 :</subfield>
		</datafield>
		<datafield tag="082" ind1="0" ind2="0">
			<subfield code="a">813/.0876608</subfield>
			<subfield code="2">20</subfield>
		</datafield>
		<datafield tag="245" ind1="0" ind2="0">
			<subfield code="a">After the king :</subfield>
			<subfield code="b">stories in honor of J.R.R. Tolkien /</subfield>
			<subfield code="c">edited by Martin H. Greenberg ; introduction by Jane
				Yolen.</subfield>
		</datafield>
		<datafield tag="250" ind1=" " ind2=" ">
			<subfield code="a">1st ed.</subfield>
		</datafield>
		<datafield tag="260" ind1=" " ind2=" ">
			<subfield code="a">New York :</subfield>
			<subfield code="b">T. Doherty Associates,</subfield>
			<subfield code="c">1992.</subfield>
		</datafield>
		<datafield tag="300" ind1=" " ind2=" ">
			<subfield code="a">ix, 438 s. ;</subfield>
			<subfield code="c">25 cm.</subfield>
		</datafield>
		<datafield tag="490" ind1="0" ind2=" ">
			<subfield code="a">Tor fantasy</subfield>
		</datafield>
		<datafield tag="655" ind1=" " ind2="0">
			<subfield code="a">Fantasy </subfield>
		</datafield>
		<datafield tag="700" ind1="1" ind2=" ">
			<subfield code="a">Greenberg, Martin Harry.</subfield>
		</datafield>
		<datafield tag="700" ind1="1" ind2=" ">
			<subfield code="a">Tolkien, J. R. R.</subfield>
			<subfield code="q">(John Ronald Reuel),</subfield>
			<subfield code="d">1892-1973.</subfield>
		</datafield>
	</record>