
	<record>
		<leader>02020cas a2200541 4500</leader>
		<controlfield tag="001">11201225</controlfield>
		<controlfield tag="005">20170426080551.0</controlfield>
		<controlfield tag="008">760916c19uu9999enkbx p 0 a0eng </controlfield>
		<datafield tag="022" ind1="0" ind2=" ">
			<subfield code="a">0306-8781</subfield>
			<subfield code="l">0306-8781</subfield>
		</datafield>
		<datafield tag="035" ind1=" " ind2=" ">
			<subfield code="a">(OCoLC)ocm02436107 </subfield>
		</datafield>
		<datafield tag="042" ind1=" " ind2=" ">
			<subfield code="a">pcc</subfield>
		</datafield>
		<datafield tag="082" ind1=" " ind2="4">
			<subfield code="a">828/.9/1209</subfield>
		</datafield>
		<datafield tag="245" ind1="0" ind2="0">
			<subfield code="a">Amon hen.</subfield>
		</datafield>
		<datafield tag="260" ind1=" " ind2=" ">
			<subfield code="a">[London]</subfield>
			<subfield code="b">Tolkien Society.</subfield>
		</datafield>
		<datafield tag="300" ind1=" " ind2=" ">
			<subfield code="c">21 cm.</subfield>
		</datafield>
		<datafield tag="310" ind1=" " ind2=" ">
			<subfield code="a">7 no. a year</subfield>
		</datafield>
		<datafield tag="500" ind1=" " ind2=" ">
			<subfield code="a">"The Bulletin of the Tolkien Society."</subfield>
		</datafield>
		<datafield tag="530" ind1=" " ind2=" ">
			<subfield code="a">Also issued online.</subfield>
		</datafield>
		<datafield tag="546" ind1=" " ind2=" ">
			<subfield code="a">In English.</subfield>
		</datafield>
		<datafield tag="590" ind1=" " ind2=" ">
			<subfield code="a">SERBIB/SERLOC merged record</subfield>
		</datafield>
		<datafield tag="592" ind1=" " ind2=" ">
			<subfield code="a">ACQN: aq 97001904</subfield>
		</datafield>
		<datafield tag="592" ind1=" " ind2=" ">
			<subfield code="a">KP1; PR6039.O32Z55;</subfield>
		</datafield>
		<datafield tag="600" ind1="1" ind2="7">
			<subfield code="a">Tolkien, J. R. R.</subfield>
			<subfield code="q">(John Ronald Reuel),</subfield>
		</datafield>
		<datafield tag="710" ind1="2" ind2=" ">
			<subfield code="a">Tolkien Society.</subfield>
		</datafield>
		<datafield tag="776" ind1="0" ind2="8">
			<subfield code="i">Online version:</subfield>
			<subfield code="t">Amon hen</subfield>
			<subfield code="w">(OCoLC)566340798</subfield>
		</datafield>
	</record>