
	<record>
		<leader>00891cam a2200229u 4500</leader>
		<controlfield tag="001">6571300</controlfield>
		<controlfield tag="005">20161028113738.0</controlfield>
		<controlfield tag="008">810427s1962 enk 000 0 eng </controlfield>
		<datafield tag="035" ind1=" " ind2=" ">
			<subfield code="9">(DLC) 63002235</subfield>
		</datafield>
		<datafield tag="130" ind1="0" ind2=" ">
			<subfield code="a">Ancren riwle.</subfield>
		</datafield>
		<datafield tag="245" ind1="1" ind2="0">
			<subfield code="a">Ancrene wisse;</subfield>
			<subfield code="b">the English text of the Ancrene riwle,</subfield>
		</datafield>
		<datafield tag="260" ind1=" " ind2=" ">
			<subfield code="a">London,</subfield>
			<subfield code="a">New York,</subfield>
			<subfield code="b">Published by the Oxford University Press,</subfield>
			<subfield code="c">1962.</subfield>
		</datafield>
		<datafield tag="300" ind1=" " ind2=" ">
			<subfield code="a">xviii, 222 s. ; 22 cm.</subfield>
		</datafield>
		<datafield tag="653" ind1=" " ind2="0">
			<subfield code="a">Teologi</subfield>
		</datafield>
		<datafield tag="700" ind1="1" ind2=" ">
			<subfield code="a">Tolkien, J. R. R.</subfield>
			<subfield code="q">(John Ronald Reuel),</subfield>
			<subfield code="d">1892-1973.</subfield>
		</datafield>
	</record>