
	<record>
		<leader>01545cam a2200373 i 4500</leader>
		<controlfield tag="001">18654854</controlfield>
		<controlfield tag="005">20160803141946.0</controlfield>
		<controlfield tag="008">150611s2014 mau b 000 0 eng </controlfield>
		<datafield tag="020" ind1=" " ind2=" ">
			<subfield code="a">9780544442788 </subfield>
		</datafield>
		<datafield tag="041" ind1="1" ind2=" ">
			<subfield code="a">eng</subfield>
			<subfield code="h">ang</subfield>
		</datafield>
		<datafield tag="042" ind1=" " ind2=" ">
			<subfield code="a">pcc</subfield>
		</datafield>
		<datafield tag="043" ind1=" " ind2=" ">
			<subfield code="a">e-uk-\-\-</subfield>
		</datafield>
		<datafield tag="082" ind1="0" ind2="0">
			<subfield code="a">829/.3</subfield>
			<subfield code="2">23</subfield>
		</datafield>
		<datafield tag="130" ind1="0" ind2=" ">
			<subfield code="a">Beowulf.</subfield>
			<subfield code="l">English.</subfield>
		</datafield>
		<datafield tag="245" ind1="1" ind2="0">
			<subfield code="a">Beowulf :</subfield>
			<subfield code="b">a translation and commentary : together with Sellic Spell [and the
				Lay of Beowulf] /</subfield>
			<subfield code="c">by J. R. R. Tolkien ; edited by Christopher Tolkien.</subfield>
		</datafield>
		<datafield tag="250" ind1=" " ind2=" ">
			<subfield code="a">First U.S. edition.</subfield>
		</datafield>
		<datafield tag="264" ind1=" " ind2="1">
			<subfield code="a">Boston :</subfield>
			<subfield code="b">Houghton Mifflin Harcourt,</subfield>
			<subfield code="c">[2014]</subfield>
		</datafield>
		<datafield tag="300" ind1=" " ind2=" ">
			<subfield code="a">xiv, 425 s. ;</subfield>
			<subfield code="c">22 cm</subfield>
		</datafield>
		<datafield tag="504" ind1=" " ind2=" ">
			<subfield code="a">Includes bibliographical references.</subfield>
		</datafield>
		<datafield tag="655" ind1=" " ind2="0">
			<subfield code="a">Fantasy</subfield>
		</datafield>
		<datafield tag="700" ind1="1" ind2=" ">
			<subfield code="a">Tolkien, J. R. R.</subfield>
			<subfield code="q">(John Ronald Reuel),</subfield>
			<subfield code="d">1892-1973,</subfield>
			<subfield code="e">translator.</subfield>
		</datafield>
		<datafield tag="700" ind1="1" ind2=" ">
			<subfield code="a">Tolkien, Christopher</subfield>
			<subfield code="e">editor.</subfield>
		</datafield>
		<datafield tag="700" ind1="1" ind2="2">
			<subfield code="a">Tolkien, J. R. R.</subfield>
			<subfield code="q">(John Ronald Reuel),</subfield>
			<subfield code="d">1892-1973.</subfield>
			<subfield code="t">Sellic spell.</subfield>
		</datafield>
		<datafield tag="700" ind1="1" ind2="2">
			<subfield code="a">Tolkien, J. R. R.</subfield>
			<subfield code="q">(John Ronald Reuel),</subfield>
			<subfield code="d">1892-1973.</subfield>
			<subfield code="t">Lay of Beowulf.</subfield>
		</datafield>
	</record>