
	<record>
		<leader>01455cam a22003735i 4500</leader>
		<controlfield tag="001">18637349</controlfield>
		<controlfield tag="005">20151110142043.0</controlfield>
		<controlfield tag="008">150119s2015 enk 000 0 eng </controlfield>
		<datafield tag="020" ind1=" " ind2=" ">
			<subfield code="a">9780008116583 </subfield>
		</datafield>
		<datafield tag="035" ind1=" " ind2=" ">
			<subfield code="a">(UK-RwCLS)uk29659775</subfield>
		</datafield>
		<datafield tag="042" ind1=" " ind2=" ">
			<subfield code="a">pcc</subfield>
		</datafield>
		<datafield tag="082" ind1="0" ind2="0">
			<subfield code="a">829/.3</subfield>
			<subfield code="2">23</subfield>
		</datafield>
		<datafield tag="130" ind1="0" ind2=" ">
			<subfield code="a">Beowulf.</subfield>
			<subfield code="l">English.</subfield>
		</datafield>
		<datafield tag="245" ind1="1" ind2="0">
			<subfield code="a">Beowulf :</subfield>
			<subfield code="b">a translation and commentary, together with Sellic spell /</subfield>
			<subfield code="c">by J.R.R. Tolkien ; edited by Christopher Tolkien.</subfield>
		</datafield>
		<datafield tag="264" ind1=" " ind2="1">
			<subfield code="a">London :</subfield>
			<subfield code="b">HarperCollinsPublishers,</subfield>
			<subfield code="c">2015.</subfield>
		</datafield>
		<datafield tag="300" ind1=" " ind2=" ">
			<subfield code="a">xiv, 425 s. ;</subfield>
			<subfield code="c">24 cm</subfield>
		</datafield>
		<datafield tag="505" ind1="0" ind2=" ">
			<subfield code="a">Introduction to the translation -\- Beowulf -\- Notes on the text of
				the translation -\- Introductory notes to the commentary -\- Commentary -\- Sellic
				spell -\- The lay of Beowulf.</subfield>
		</datafield>
		<datafield tag="655" ind1=" " ind2="0">
			<subfield code="a">Fantasy</subfield>
		</datafield>
		<datafield tag="700" ind1="1" ind2=" ">
			<subfield code="a">Tolkien, J. R. R.</subfield>
			<subfield code="q">(John Ronald Reuel),</subfield>
			<subfield code="d">1892-1973,</subfield>
			<subfield code="e">translator.</subfield>
		</datafield>
		<datafield tag="700" ind1="1" ind2=" ">
			<subfield code="a">Tolkien, Christopher</subfield>
			<subfield code="e">editor.</subfield>
		</datafield>
	</record>