
	<record>
		<leader>01473cam a22003491 4500</leader>
		<controlfield tag="001">8786601</controlfield>
		<controlfield tag="005">20050908105054.0</controlfield>
		<controlfield tag="008">790105s1940 enk 000 0 eng </controlfield>
		<datafield tag="035" ind1=" " ind2=" ">
			<subfield code="9">(DLC) 41012836</subfield>
		</datafield>
		<datafield tag="035" ind1=" " ind2=" ">
			<subfield code="a">(OCoLC)4525599</subfield>
		</datafield>
		<datafield tag="041" ind1="1" ind2=" ">
			<subfield code="a">eng</subfield>
			<subfield code="h">ang</subfield>
		</datafield>
		<datafield tag="082" ind1=" " ind2=" ">
			<subfield code="a">829.3</subfield>
		</datafield>
		<datafield tag="130" ind1="0" ind2=" ">
			<subfield code="a">Beowulf.</subfield>
			<subfield code="l">English.</subfield>
		</datafield>
		<datafield tag="245" ind1="1" ind2="0">
			<subfield code="a">Beowulf and the Finnesburg fragment;</subfield>
			<subfield code="b">a translation into modern English prose,</subfield>
			<subfield code="c">by John R. Clark Hall.</subfield>
		</datafield>
		<datafield tag="250" ind1=" " ind2=" ">
			<subfield code="a">New ed., completely rev.,</subfield>
			<subfield code="b">with notes and an introduction by C. L. Wrenn; with prefatory remarks
				by J. R. R. Tolkien.</subfield>
		</datafield>
		<datafield tag="260" ind1=" " ind2=" ">
			<subfield code="a">London,</subfield>
			<subfield code="b">G. Allen & Unwin ltd</subfield>
			<subfield code="c">[1940]</subfield>
		</datafield>
		<datafield tag="300" ind1=" " ind2=" ">
			<subfield code="a">xli, [11]-187, [1] s.</subfield>
			<subfield code="c">20 cm.</subfield>
		</datafield>
		<datafield tag="500" ind1=" " ind2=" ">
			<subfield code="a">"The text translated is that of Fr. Klaeber, in his Beowulf and
				The fight at Finnsburg, third edition revised (D. C. Heath & co.,
				1936)."-\-s. [181]</subfield>
		</datafield>
		<datafield tag="655" ind1=" " ind2="0">
			<subfield code="a">Fantasy</subfield>
		</datafield>
		<datafield tag="700" ind1="1" ind2=" ">
			<subfield code="a">Hall, J. R. Clark</subfield>
			<subfield code="q">(John R. Clark),</subfield>
			<subfield code="d">1855-</subfield>
			<subfield code="e">ed. and tr.</subfield>
		</datafield>
		<datafield tag="700" ind1="1" ind2=" ">
			<subfield code="a">Klaeber, Fr.</subfield>
			<subfield code="q">(Friedrich),</subfield>
			<subfield code="d">1863-1954.</subfield>
		</datafield>
		<datafield tag="700" ind1="1" ind2=" ">
			<subfield code="a">Wrenn, C. L.</subfield>
			<subfield code="q">(Charles Leslie),</subfield>
			<subfield code="d">1895-1969.</subfield>
		</datafield>
		<datafield tag="700" ind1="1" ind2=" ">
			<subfield code="a">Tolkien, J. R. R.</subfield>
			<subfield code="q">(John Ronald Reuel),</subfield>
			<subfield code="d">1892-1973</subfield>
		</datafield>
		<datafield tag="730" ind1="0" ind2="2">
			<subfield code="a">Fight at Finnesburg (Anglo-Saxon poem).</subfield>
			<subfield code="l">English.</subfield>
		</datafield>
	</record>