
	<record>
		<leader>00804cam a2200241 a 4500</leader>
		<controlfield tag="001">2337448</controlfield>
		<controlfield tag="005">20110520163909.0</controlfield>
		<controlfield tag="008">851018s1978 onca 000 0 eng </controlfield>
		<datafield tag="035" ind1=" " ind2=" ">
			<subfield code="9">(DLC) 82132951</subfield>
		</datafield>
		<datafield tag="020" ind1=" " ind2=" ">
			<subfield code="a">045893870X</subfield>
		</datafield>
		<datafield tag="082" ind1="0" ind2="0">
			<subfield code="a">791.43/72</subfield>
			<subfield code="2">19</subfield>
		</datafield>
		<datafield tag="245" ind1="0" ind2="4">
			<subfield code="a">The Filmbook of J.R.R. Tolkien's The Lord of the rings.</subfield>
		</datafield>
		<datafield tag="250" ind1=" " ind2=" ">
			<subfield code="a">1st Methuen ed.</subfield>
		</datafield>
		<datafield tag="260" ind1=" " ind2=" ">
			<subfield code="a">Toronto :</subfield>
			<subfield code="b">Methuen,</subfield>
			<subfield code="c">1978.</subfield>
		</datafield>
		<datafield tag="300" ind1=" " ind2=" ">
			<subfield code="a">76 s. :</subfield>
			<subfield code="b">col. ill. ;</subfield>
			<subfield code="c">23 x 27 cm.</subfield>
		</datafield>
		<datafield tag="655" ind1=" " ind2="0">
			<subfield code="a">Fantasy</subfield>
		</datafield>
		<datafield tag="700" ind1="1" ind2=" ">
			<subfield code="a">Tolkien, J. R. R.</subfield>
			<subfield code="q">(John Ronald Reuel),</subfield>
			<subfield code="d">1892-1973.</subfield>
			<subfield code="t">Lord of the rings.</subfield>
		</datafield>
	</record>