
	<record>
		<leader>01161cam a2200301 a 4500</leader>
		<controlfield tag="001">1853001</controlfield>
		<controlfield tag="005">20020103105209.0</controlfield>
		<controlfield tag="008">811103r1976 enk b 001 1 ice </controlfield>
		<datafield tag="035" ind1=" " ind2=" ">
			<subfield code="9">(DLC) 81198959</subfield>
		</datafield>
		<datafield tag="041" ind1="0" ind2=" ">
			<subfield code="a">iceeng</subfield>
		</datafield>
		<datafield tag="130" ind1="0" ind2=" ">
			<subfield code="a">Hervarar saga ok Heiðreks konungs.</subfield>
		</datafield>
		<datafield tag="245" ind1="1" ind2="0">
			<subfield code="a">Hervarar saga ok Heiðreks /</subfield>
			<subfield code="c">with notes and glossary by G. Turville-Petre ; introduction by
				Christopher Tolkien.</subfield>
		</datafield>
		<datafield tag="260" ind1=" " ind2=" ">
			<subfield code="a">London :</subfield>
			<subfield code="b">Viking Society for Northern Research, University College,</subfield>
			<subfield code="c">1976, c1956.</subfield>
		</datafield>
		<datafield tag="300" ind1=" " ind2=" ">
			<subfield code="a">xx, 145 s. ;</subfield>
			<subfield code="c">19 cm.</subfield>
		</datafield>
		<datafield tag="490" ind1="1" ind2=" ">
			<subfield code="a">Text series / Viking Society for Northern Research ;</subfield>
			<subfield code="v">2</subfield>
		</datafield>
		<datafield tag="500" ind1=" " ind2=" ">
			<subfield code="a">English and Icelandic.</subfield>
		</datafield>
		<datafield tag="500" ind1=" " ind2=" ">
			<subfield code="a">"Reprinted ... with minor corrections and additional
				bibliography"-\-Verso t.s.</subfield>
		</datafield>
		<datafield tag="504" ind1=" " ind2=" ">
			<subfield code="a">Bibliography: s. [x]</subfield>
		</datafield>
		<datafield tag="500" ind1=" " ind2=" ">
			<subfield code="a">Includes index.</subfield>
		</datafield>
		<datafield tag="655" ind1=" " ind2="0">
			<subfield code="a">Fantasy</subfield>
		</datafield>
		<datafield tag="700" ind1="2" ind2=" ">
			<subfield code="a">Turville-Petre, Gabriel.</subfield>
		</datafield>
		<datafield tag="700" ind1="1" ind2=" ">
			<subfield code="a">Tolkien, Christopher</subfield>
		</datafield>
	</record>