
	<record>
		<leader>05563cgm a22007697a 4500</leader>
		<controlfield tag="001">20620982</controlfield>
		<controlfield tag="005">20180808095341.0</controlfield>
		<controlfield tag="007">mr cdaafqnarp|||c-\-\-\-\-\-</controlfield>
		<controlfield tag="007">co |ga||||||||</controlfield>
		<controlfield tag="008">180808s2012 xxu169 mleng </controlfield>
		<datafield tag="044" ind1=" " ind2=" ">
			<subfield code="a">xxu</subfield>
			<subfield code="a">nz</subfield>
		</datafield>
		<datafield tag="130" ind1="0" ind2=" ">
			<subfield code="a">Hobbit, an unexpected journey (Motion picture)</subfield>
		</datafield>
		<datafield tag="245" ind1="1" ind2="4">
			<subfield code="a">The hobbit, an unexpected journey /</subfield>
			<subfield code="c">a New Line Cinema, Metro-Goldwyn-Mayer Pictures presentation of a
				Wingnut Films production ; directed by Peter Jackson ; produced by Carolynne
				Cunningham, Zane Weiner, Fran Walsh, Peter Jackson ; screenplay by Fran Walsh &
				Philippa Boyens & Peter Jackson & Guillermo del Toro.</subfield>
		</datafield>
		<datafield tag="246" ind1="3" ind2=" ">
			<subfield code="a">Unexpected journey</subfield>
		</datafield>
		<datafield tag="246" ind1="1" ind2=" ">
			<subfield code="i">Alternative title on copyright application:</subfield>
			<subfield code="a">Hobbit I</subfield>
		</datafield>
		<datafield tag="246" ind1="1" ind2=" ">
			<subfield code="i">Variant title:</subfield>
			<subfield code="a">Hobbit 1</subfield>
		</datafield>
		<datafield tag="246" ind1="1" ind2=" ">
			<subfield code="i">Variant title:</subfield>
			<subfield code="a">Hobbit one</subfield>
		</datafield>
		<datafield tag="246" ind1="1" ind2=" ">
			<subfield code="i">Alternative title on copyright application:</subfield>
			<subfield code="a">Little river</subfield>
		</datafield>
		<datafield tag="257" ind1=" " ind2=" ">
			<subfield code="a">USA ; New Zealand</subfield>
		</datafield>
		<datafield tag="260" ind1=" " ind2=" ">
			<subfield code="a">United States :</subfield>
			<subfield code="b">Warner Bros.,</subfield>
			<subfield code="c">2012.</subfield>
		</datafield>
		<datafield tag="300" ind1=" " ind2=" ">
			<subfield code="3">viewing print</subfield>
			<subfield code="a">18 film reels of 18 on 9 (169 min., 15,210 ft.) :</subfield>
			<subfield code="b">anamorphic, sd. (opt, Dolby SR, digital, Dolby SR-D, SDDS, Datasat),
				col. ;</subfield>
			<subfield code="c">35 mm.</subfield>
		</datafield>
		<datafield tag="300" ind1=" " ind2=" ">
			<subfield code="3">viewing print (copy 2)</subfield>
			<subfield code="a">18 film reels of 18 on 9 (169 min., 15,210 ft.) :</subfield>
			<subfield code="b">anamorphic, sd. (opt, Dolby SR, digital, Dolby SR-D, SDDS, Datasat),
				col. ;</subfield>
			<subfield code="c">35 mm.</subfield>
		</datafield>
		<datafield tag="300" ind1=" " ind2=" ">
			<subfield code="3">viewing print (copy 3)</subfield>
			<subfield code="a">18 film reels of 18 on 9 (169 min., 15,210 ft.) :</subfield>
			<subfield code="b">anamorphic, sd. (opt, Dolby SR), col. ;</subfield>
			<subfield code="c">35 mm.</subfield>
		</datafield>
		<datafield tag="538" ind1=" " ind2=" ">
			<subfield code="a">System requirements for CD-ROMs: DTS/Datasat digital playback
				system.</subfield>
		</datafield>
		<datafield tag="500" ind1=" " ind2=" ">
			<subfield code="a">Based on the novel by J.R.R. Tolkein.</subfield>
		</datafield>
		<datafield tag="511" ind1="1" ind2=" ">
			<subfield code="a">Ian McKellen, Martin Freeman, Richard Armitage, James Nesbitt, Ken
				Stott, Cate Blanchett, Ian Holm, Christopher Lee, Hugo Weaving, Elijah Wood, Andy
				Serkis.</subfield>
		</datafield>
		<datafield tag="508" ind1=" " ind2=" ">
			<subfield code="a">Executive producers, Alan Horn, Toby Emmerich, Ken Kamins, Carolyn
				Blackwood ; camera, Andrew Lesnie ; editor, Jabez Olssen ; music, Howard Shore ;
				production designer, Dan Hennah ; supervising art director, Simon Bright ; set
				decorators, RA Vincent, Simon Bright ; costume designers, Ann Maskrey, Richard
				Taylor, Bob Buck ; sound, Tony Johnson.</subfield>
		</datafield>
		<datafield tag="500" ind1=" " ind2=" ">
			<subfield code="a">CD-ROMs may contain additional tracks for short films, trailers, and
				other promotional content.</subfield>
		</datafield>
		<datafield tag="500" ind1=" " ind2=" ">
			<subfield code="a">Aspect ratio is 2.35:1.</subfield>
		</datafield>
		<datafield tag="520" ind1=" " ind2=" ">
			<subfield code="a">"Bilbo Baggins (Martin Freeman) joins Gandalf (Ian McKellen) and
				a band of dwarves led by the brave Thorin (Richard Armitage) on a treacherous quest
				to reclaim their mountain home from the fierce dragon Smaug in this epic fantasy
				adventure adapted from J.R.R. Tolkien's beloved novel by the creative forces behind
				the Lord of the Rings trilogy. Long before Frodo Baggins (Elijah Wood) made his
				arduous journey to Mordor, his brave uncle Bilbo embarked on an adventure for the
				ages. Bilbo's story gets under way when the great wizard Gandalf appears at his
				front gate with a most unusual offer. Displaced from their massive fortress in the
				Lonely Mountain by Smaug, a greedy dragon who coveted their gold, a community of
				noble dwarves were decimated by a surprise attack by monstrous orcs, whose dreaded
				leader the Pale Orc slew their king in a gruesome battle. Now, Thorin, the
				descendent of the king, is determined to reclaim his mountain kingdom for his
				people. Together with a fearless team of dwarves, Thorin and Gandalf recruit Bilbo
				to aid them in their quest since Hobbits have the unique ability to go undetected
				when they wish to. Before Bilbo, Gandalf, and the dwarves can reach The Lonely
				Mountain and defeat Smaug, however, they'll have to contend with trolls, goblins,
				stone giants, Gollum (Andy Serkis), and even the dreaded Pale Orc himself. Peter
				Jackson directs a screenplay he co-penned with Fran Walsh, Philippa Boyens, and
				Guillermo del Toro"-\-Allmovie.com, viewed August 8, 2018.</subfield>
		</datafield>
		<datafield tag="521" ind1="8" ind2=" ">
			<subfield code="a">MPAA rating: PG-13.</subfield>
		</datafield>
		<datafield tag="500" ind1=" " ind2=" ">
			<subfield code="a">Not viewed.</subfield>
		</datafield>
		<datafield tag="500" ind1=" " ind2=" ">
			<subfield code="a">Sources used: Internet movie database, August 8, 2018; Variety,
				December 3, 2012; Copyright catalog online.</subfield>
		</datafield>
		<datafield tag="655" ind1=" " ind2="0">
			<subfield code="a">Fantasy</subfield>
		</datafield>
		<datafield tag="655" ind1=" " ind2="0">
			<subfield code="a">Spillefilm</subfield>
		</datafield>
		<datafield tag="700" ind1="1" ind2=" ">
			<subfield code="a">Jackson, Peter</subfield>
			<subfield code="d">1961-</subfield>
			<subfield code="e">direction,</subfield>
			<subfield code="e">production.</subfield>
		</datafield>
		<datafield tag="700" ind1="1" ind2=" ">
			<subfield code="a">Cunningham, Carolynne</subfield>
			<subfield code="e">production.</subfield>
		</datafield>
		<datafield tag="700" ind1="1" ind2=" ">
			<subfield code="a">Weiner, Zane</subfield>
			<subfield code="e">production.</subfield>
		</datafield>
		<datafield tag="700" ind1="1" ind2=" ">
			<subfield code="a">Walsh, Fran</subfield>
			<subfield code="d">1959-</subfield>
			<subfield code="e">production,</subfield>
			<subfield code="e">writing.</subfield>
		</datafield>
		<datafield tag="700" ind1="1" ind2=" ">
			<subfield code="a">Boyens, Philippa</subfield>
			<subfield code="e">writing.</subfield>
		</datafield>
		<datafield tag="700" ind1="1" ind2=" ">
			<subfield code="a">Toro, Guillermo del</subfield>
			<subfield code="d">1964-</subfield>
			<subfield code="e">writing.</subfield>
		</datafield>
		<datafield tag="700" ind1="1" ind2=" ">
			<subfield code="a">McKellen, Ian</subfield>
			<subfield code="e">cast.</subfield>
		</datafield>
		<datafield tag="700" ind1="1" ind2=" ">
			<subfield code="a">Freeman, Martin</subfield>
			<subfield code="d">1971-</subfield>
			<subfield code="e">cast.</subfield>
		</datafield>
		<datafield tag="700" ind1="1" ind2=" ">
			<subfield code="a">Armitage, Richard</subfield>
			<subfield code="d">1971-</subfield>
			<subfield code="e">cast.</subfield>
		</datafield>
		<datafield tag="700" ind1="1" ind2=" ">
			<subfield code="a">Tolkien, J. R. R.</subfield>
			<subfield code="q">(John Ronald Reuel),</subfield>
			<subfield code="d">1892-1973.</subfield>
		</datafield>
		<datafield tag="710" ind1="2" ind2=" ">
			<subfield code="a">New Line Cinema Corporation.</subfield>
		</datafield>
		<datafield tag="710" ind1="2" ind2=" ">
			<subfield code="a">Metro-Goldwyn-Mayer.</subfield>
		</datafield>
		<datafield tag="710" ind1="2" ind2=" ">
			<subfield code="a">WingNut Films (Firm)</subfield>
		</datafield>
		<datafield tag="710" ind1="2" ind2=" ">
			<subfield code="a">Copyright Collection (Library of Congress)</subfield>
			<subfield code="5">DLC</subfield>
		</datafield>
		<datafield tag="786" ind1="1" ind2="8">
			<subfield code="t">Hobbit, an unexpected journey</subfield>
			<subfield code="w">(DLC) 1950371</subfield>
			<subfield code="n">MAVIS</subfield>
		</datafield>
	</record>