
	<record>
		<leader>03084cgm a22005657a 4500</leader>
		<controlfield tag="001">14493617</controlfield>
		<controlfield tag="005">20180226133406.0</controlfield>
		<controlfield tag="007">mr c|aaf|||||||||-\-\-\-\-\-</controlfield>
		<controlfield tag="008">060811s2005 xxu157 mleng </controlfield>
		<datafield tag="044" ind1=" " ind2=" ">
			<subfield code="a">xxu</subfield>
			<subfield code="a">xxk</subfield>
		</datafield>
		<datafield tag="130" ind1="0" ind2=" ">
			<subfield code="a">Harry Potter and the goblet of fire (Motion picture)</subfield>
		</datafield>
		<datafield tag="245" ind1="1" ind2="0">
			<subfield code="a">Harry Potter and the goblet of fire /</subfield>
			<subfield code="c">a Heyday Films production ; directed by Mike Newell ; produced by
				David Heyman ; screenplay, Steve Kloves.</subfield>
		</datafield>
		<datafield tag="257" ind1=" " ind2=" ">
			<subfield code="a">USA ; Storbritania</subfield>
		</datafield>
		<datafield tag="260" ind1=" " ind2=" ">
			<subfield code="a">United States :</subfield>
			<subfield code="b">Warner Bros. Pictures,</subfield>
			<subfield code="c">2005.</subfield>
		</datafield>
		<datafield tag="300" ind1=" " ind2=" ">
			<subfield code="3">viewing print.</subfield>
			<subfield code="a">18 film reels of 18 on 9 (ca. 157 min., ca. 14,130 ft.) :</subfield>
			<subfield code="b">sd., col. ;</subfield>
			<subfield code="c">35 mm.</subfield>
		</datafield>
		<datafield tag="500" ind1=" " ind2=" ">
			<subfield code="a">Copyright: Patalex IV Productions, Ltd. DCR 2005; PUB 16Nov05; REG
				15Feb06; PA1-279-121.</subfield>
		</datafield>
		<datafield tag="508" ind1=" " ind2=" ">
			<subfield code="a">Executive producers, David Barron, Tanya Seghatchian ; camera, Roger
				Pratt; editor, Mick Audsley ; music, Patrick Doyle ; production designer, Stuart
				Craig ; sound, David Crozier ; special effects supervisor, John
				Richardson.</subfield>
		</datafield>
		<datafield tag="508" ind1=" " ind2=" ">
			<subfield code="a">Special visual effects and animation, Industrial Light & Magic ;
				visual effects, Framestore-CFC, the Moving Pictures Co., Double Negative, Cinesite
				(Europe), Buf, Rising Sun Pictures, the Orphanage, Animal Logic.</subfield>
		</datafield>
		<datafield tag="511" ind1="1" ind2=" ">
			<subfield code="a">Daniel Radcliffe, Rupert Grint, Emma Watson, Robbie Coltrane, Ralph
				Fiennes, Michael Gambon, Gary Oldman, Miranda Richardson, Alan Rickman, Maggie
				Smith.</subfield>
		</datafield>
		<datafield tag="520" ind1=" " ind2=" ">
			<subfield code="a">Harry finds himself selected as an underaged competitor in a
				dangerous multi-wizardary school competition.</subfield>
		</datafield>
		<datafield tag="500" ind1=" " ind2=" ">
			<subfield code="a">Summary taken from Internet movie database.</subfield>
		</datafield>
		<datafield tag="500" ind1=" " ind2=" ">
			<subfield code="a">Based on the novel by J. K. Rowling.</subfield>
		</datafield>
		<datafield tag="500" ind1=" " ind2=" ">
			<subfield code="a">Not viewed.</subfield>
		</datafield>
		<datafield tag="500" ind1=" " ind2=" ">
			<subfield code="a">Sources used: copyright data base; copyright data sheet; Variety,
				Nov. 14, 2005; Internet movie database, viewed July 27, 2006.</subfield>
		</datafield>
		<datafield tag="541" ind1=" " ind2=" ">
			<subfield code="d">Received: 3/2/2006;</subfield>
			<subfield code="3">viewing print;</subfield>
			<subfield code="c">copyright deposit-\-RNR;</subfield>
			<subfield code="a">Copyright Collection.</subfield>
		</datafield>
		<datafield tag="600" ind1="1" ind2="0">
			<subfield code="a">Potter, Harry</subfield>
			<subfield code="c">(Fiktiv karakter)</subfield>
		</datafield>
		<datafield tag="600" ind1=" " ind2="0">
			<subfield code="a">Galtvort</subfield>
			<subfield code="c">(Fiktivt sted)</subfield>
		</datafield>
		<datafield tag="653" ind1=" " ind2="0">
			<subfield code="a">Trollmenn </subfield>
		</datafield>
		<datafield tag="653" ind1=" " ind2="0">
			<subfield code="a">Hekser</subfield>
		</datafield>
		<datafield tag="655" ind1=" " ind2="0">
			<subfield code="a">Fantasy</subfield>
		</datafield>
		<datafield tag="655" ind1=" " ind2="0">
			<subfield code="a">Spillefilm</subfield>
		</datafield>
		<datafield tag="700" ind1="1" ind2=" ">
			<subfield code="a">Newell, Mike,</subfield>
			<subfield code="d">1942-</subfield>
			<subfield code="e">direction.</subfield>
		</datafield>
		<datafield tag="700" ind1="1" ind2=" ">
			<subfield code="a">Heyman, David</subfield>
			<subfield code="d">1961-</subfield>
			<subfield code="e">production.</subfield>
		</datafield>
		<datafield tag="700" ind1="1" ind2=" ">
			<subfield code="a">Kloves, Steven,</subfield>
			<subfield code="e">writing.</subfield>
		</datafield>
		<datafield tag="700" ind1="1" ind2=" ">
			<subfield code="a">Radcliffe, Daniel,</subfield>
			<subfield code="d">1989-</subfield>
			<subfield code="e">cast.</subfield>
		</datafield>
		<datafield tag="700" ind1="1" ind2=" ">
			<subfield code="a">Grint, Rupert,</subfield>
			<subfield code="d">1988-</subfield>
			<subfield code="e">cast.</subfield>
		</datafield>
		<datafield tag="700" ind1="1" ind2=" ">
			<subfield code="a">Watson, Emma,</subfield>
			<subfield code="d">1990-</subfield>
			<subfield code="e">cast.</subfield>
		</datafield>
		<datafield tag="700" ind1="1" ind2=" ">
			<subfield code="a">Coltrane, Robbie,</subfield>
			<subfield code="e">cast.</subfield>
		</datafield>
		<datafield tag="700" ind1="1" ind2=" ">
			<subfield code="a">Fiennes, Ralph,</subfield>
			<subfield code="e">cast.</subfield>
		</datafield>
		<datafield tag="700" ind1="1" ind2=" ">
			<subfield code="a">Gambon, Michael,</subfield>
			<subfield code="e">cast.</subfield>
		</datafield>
		<datafield tag="700" ind1="1" ind2=" ">
			<subfield code="a">Richardson, Miranda,</subfield>
			<subfield code="e">cast.</subfield>
		</datafield>
		<datafield tag="700" ind1="1" ind2=" ">
			<subfield code="a">Rickman, Alan,</subfield>
			<subfield code="e">cast.</subfield>
		</datafield>
		<datafield tag="700" ind1="1" ind2=" ">
			<subfield code="a">Smith, Maggie,</subfield>
			<subfield code="d">1934-</subfield>
			<subfield code="e">cast.</subfield>
		</datafield>
		<datafield tag="700" ind1="1" ind2=" ">
			<subfield code="a">Rowling, J. K.</subfield>
			<subfield code="t">Harry Potter and the goblet of fire.</subfield>
		</datafield>
		<datafield tag="710" ind1="2" ind2=" ">
			<subfield code="a">Copyright Collection (Library of Congress)</subfield>
			<subfield code="5">DLC</subfield>
		</datafield>
	</record>