
	<record>
		<leader>03480cgm a22006137a 4500</leader>
		<controlfield tag="001">20285542</controlfield>
		<controlfield tag="005">20180426094447.0</controlfield>
		<controlfield tag="007">mr cdaafqnarp|||c-\-\-\-\-\-</controlfield>
		<controlfield tag="008">180118s2010 xxu113 mleng </controlfield>
		<datafield tag="130" ind1="0" ind2=" ">
			<subfield code="a">Chronicles of Narnia, the voyage of the Dawn Treader (Motion
				picture)</subfield>
		</datafield>
		<datafield tag="245" ind1="1" ind2="0">
			<subfield code="a">Chronicles of Narnia, the voyage of the Dawn Treader /</subfield>
			<subfield code="c">a Fox 2000 Pictures and Walden Media presentation of a Mark Johnson
				production made in association with Dune Entertainment ; directed by Michael Apted ;
				produced by Mark Johnson, Andrew Adamson, Philip Steuer ; screenplay by Christopher
				Markus & Stephen McFeely and Michael Petroni.</subfield>
		</datafield>
		<datafield tag="246" ind1="3" ind2="0">
			<subfield code="a">Voyage of the Dawn Treader</subfield>
		</datafield>
		<datafield tag="260" ind1=" " ind2=" ">
			<subfield code="a">United States :</subfield>
			<subfield code="b">20th Century Fox,</subfield>
			<subfield code="c">2010.</subfield>
		</datafield>
		<datafield tag="300" ind1=" " ind2=" ">
			<subfield code="3">viewing print</subfield>
			<subfield code="a">14 film reels of 14 on 7 (113 min., 10,170 ft.) :</subfield>
			<subfield code="b">anamorphic, sd. (opt, Dolby SR, digital, Dolby SR-D, SDDS, DTS), col.
				;</subfield>
			<subfield code="c">35 mm.</subfield>
		</datafield>
		<datafield tag="500" ind1=" " ind2=" ">
			<subfield code="a">Based on the novel by C.S. Lewis.</subfield>
		</datafield>
		<datafield tag="511" ind1="1" ind2=" ">
			<subfield code="a">Skandar Keynes, Georgie Henley, Ben Barnes, Will Poulter, Tilda
				Swinton.</subfield>
		</datafield>
		<datafield tag="508" ind1=" " ind2=" ">
			<subfield code="a">Executive producers, Douglas Gresham, Perry Moore ; camera, Dante
				Spinotti ; editor, Rick Shaine ; music, David Arnold ; production designer, Barry
				Robison ; supervising art director, Ian Gracie ; art directors, Karen Murphy, Mark
				Robins ; set decorator, Rebecca Cohen ; costume designer, Isis Mussenden ; sound,
				Paul Brincat.</subfield>
		</datafield>
		<datafield tag="500" ind1=" " ind2=" ">
			<subfield code="a">Aspect ratio is 2.35:1.</subfield>
		</datafield>
		<datafield tag="520" ind1=" " ind2=" ">
			<subfield code="a">"Upon returning to Narnia to join Prince Caspian for a voyage on
				the majestic royal vessel known as The Dawn Treader, Lucy, Edmund, and their cousin
				Eustace encounter merfolk, dragons, dwarves, and a wandering band of lost warriors.
				As the edge of the world draws near, their remarkable adventure at sea sails toward
				an exciting, yet uncertain, conclusion"-\-Allmovie.com, viewed January 18,
				2018.</subfield>
		</datafield>
		<datafield tag="521" ind1="8" ind2=" ">
			<subfield code="a">MPAA rating: PG.</subfield>
		</datafield>
		<datafield tag="500" ind1=" " ind2=" ">
			<subfield code="a">Not viewed.</subfield>
		</datafield>
		<datafield tag="500" ind1=" " ind2=" ">
			<subfield code="a">Sources used: Internet movie database, January 18, 2018; Variety,
				December 7, 2010; Copyright catalog online.</subfield>
		</datafield>
		<datafield tag="655" ind1=" " ind2="7">
			<subfield code="a">Spillefilm</subfield>
		</datafield>
		<datafield tag="655" ind1=" " ind2="7">
			<subfield code="a">Fantasy</subfield>
		</datafield>
		<datafield tag="700" ind1="1" ind2=" ">
			<subfield code="a">Apted, Michael,</subfield>
			<subfield code="e">direction.</subfield>
		</datafield>
		<datafield tag="700" ind1="1" ind2=" ">
			<subfield code="a">Johnson, Mark,</subfield>
			<subfield code="d">1945 December 27-</subfield>
			<subfield code="e">production.</subfield>
		</datafield>
		<datafield tag="700" ind1="1" ind2=" ">
			<subfield code="a">Adamson, Andrew,</subfield>
			<subfield code="e">production.</subfield>
		</datafield>
		<datafield tag="700" ind1="1" ind2=" ">
			<subfield code="a">Steuer, Philip,</subfield>
			<subfield code="e">production.</subfield>
		</datafield>
		<datafield tag="700" ind1="1" ind2=" ">
			<subfield code="a">Markus, Christopher,</subfield>
			<subfield code="e">writing.</subfield>
		</datafield>
		<datafield tag="700" ind1="1" ind2=" ">
			<subfield code="a">McFeely, Stephen,</subfield>
			<subfield code="e">writing.</subfield>
		</datafield>
		<datafield tag="700" ind1="1" ind2=" ">
			<subfield code="a">Petroni, Michael,</subfield>
			<subfield code="e">writing.</subfield>
		</datafield>
		<datafield tag="700" ind1="1" ind2=" ">
			<subfield code="a">Keynes, Skandar,</subfield>
			<subfield code="e">cast.</subfield>
		</datafield>
		<datafield tag="700" ind1="1" ind2=" ">
			<subfield code="a">Henley, Georgie,</subfield>
			<subfield code="e">cast.</subfield>
		</datafield>
		<datafield tag="700" ind1="1" ind2=" ">
			<subfield code="a">Barnes, Ben,</subfield>
			<subfield code="d">1981-</subfield>
			<subfield code="e">cast.</subfield>
		</datafield>
		<datafield tag="700" ind1="1" ind2=" ">
			<subfield code="a">Poulter, Will,</subfield>
			<subfield code="e">cast.</subfield>
		</datafield>
		<datafield tag="700" ind1="1" ind2=" ">
			<subfield code="a">Swinton, Tilda,</subfield>
			<subfield code="e">cast.</subfield>
		</datafield>
		<datafield tag="700" ind1="1" ind2=" ">
			<subfield code="a">Lewis, C. S.</subfield>
			<subfield code="q">(Clive Staples),</subfield>
			<subfield code="d">1898-1963.</subfield>
			<subfield code="t">Voyage of the Dawn Treader.</subfield>
		</datafield>
		<datafield tag="710" ind1="2" ind2=" ">
			<subfield code="a">Fox 2000 Pictures</subfield>
		</datafield>
		<datafield tag="710" ind1="2" ind2=" ">
			<subfield code="a">Walden Media.</subfield>
		</datafield>
		<datafield tag="710" ind1="2" ind2=" ">
			<subfield code="a">Dune Entertainment.</subfield>
		</datafield>
		<datafield tag="710" ind1="2" ind2=" ">
			<subfield code="a">Twentieth Century-Fox Film Corporation</subfield>
		</datafield>
		<datafield tag="710" ind1="2" ind2=" ">
			<subfield code="a">Copyright Collection (Library of Congress)</subfield>
			<subfield code="5">DLC</subfield>
		</datafield>
		<datafield tag="786" ind1="1" ind2="8">
			<subfield code="t">Chronicles of Narnia, the voyage of the Dawn Treader</subfield>
			<subfield code="w">(DLC) 1816311</subfield>
			<subfield code="n">MAVIS</subfield>
		</datafield>
	</record>