
	<record>
		<leader>01206cam a22003017a 4500</leader>
		<controlfield tag="001">15012989</controlfield>
		<controlfield tag="005">20110920110838.0</controlfield>
		<controlfield tag="008">070919s2008 nyu 000 0 eng </controlfield>
		<datafield tag="020" ind1=" " ind2=" ">
			<subfield code="a">9780061231582 </subfield>
		</datafield>
		<datafield tag="100" ind1="1" ind2=" ">
			<subfield code="a">Bright, J. E.</subfield>
			<subfield code="1">http://viaf.org/viaf/22355111</subfield>
			<subfield code="4">aut</subfield>
		</datafield>
		<datafield tag="245" ind1="1" ind2="0">
			<subfield code="a">Prince Caspian :</subfield>
			<subfield code="b">the fight for the throne /</subfield>
			<subfield code="c">J.E. Bright.</subfield>
		</datafield>
		<datafield tag="250" ind1=" " ind2=" ">
			<subfield code="a">1st ed.</subfield>
		</datafield>
		<datafield tag="260" ind1=" " ind2=" ">
			<subfield code="a">New York :</subfield>
			<subfield code="b">HarperEntertainment,</subfield>
			<subfield code="c">2008.</subfield>
		</datafield>
		<datafield tag="300" ind1=" " ind2=" ">
			<subfield code="a">63 s. :</subfield>
			<subfield code="b">ill. ;</subfield>
			<subfield code="c">20 cm.</subfield>
		</datafield>
		<datafield tag="490" ind1="0" ind2=" ">
			<subfield code="a">The Chronicles of Narnia</subfield>
		</datafield>
		<datafield tag="500" ind1=" " ind2=" ">
			<subfield code="a">"Based on the new movie!"-\-Cover.</subfield>
		</datafield>
		<datafield tag="500" ind1=" " ind2=" ">
			<subfield code="a">"Based on the screenplay by Andrew Adamson & Christopher
				Markus & Stephen McFeely. Based on the book by C. S. Lewis. Directed by Andrew
				Adamson."</subfield>
		</datafield>
		<datafield tag="600" ind1="1" ind2="0">
			<subfield code="a">Narnia</subfield>
			<subfield code="c">(Fiktivt sted)</subfield>
		</datafield>
		<datafield tag="655" ind1=" " ind2="0">
			<subfield code="a">Fantasy</subfield>
		</datafield>
		<datafield tag="655" ind1=" " ind2="0">
			<subfield code="a">Barnelitteratur</subfield>
		</datafield>
		<datafield tag="653" ind1=" " ind2="0">
			<subfield code="a">Monstre</subfield>
		</datafield>
		<datafield tag="653" ind1=" " ind2="0">
			<subfield code="a">Uhyrer</subfield>
		</datafield>
		<datafield tag="653" ind1=" " ind2="0">
			<subfield code="a">Dyr</subfield>
		</datafield>
		<datafield tag="700" ind1="1" ind2=" ">
			<subfield code="a">Adamson, Andrew.</subfield>
		</datafield>
		<datafield tag="700" ind1="1" ind2=" ">
			<subfield code="a">Markus, Christopher.</subfield>
		</datafield>
		<datafield tag="700" ind1="1" ind2=" ">
			<subfield code="a">McFeely, Stephen.</subfield>
		</datafield>
		<datafield tag="700" ind1="1" ind2=" ">
			<subfield code="a">Lewis, C. S.</subfield>
			<subfield code="q">(Clive Staples),</subfield>
			<subfield code="d">1898-1963.</subfield>
			<subfield code="t">Prince Caspian.</subfield>
		</datafield>
		<datafield tag="730" ind1="0" ind2=" ">
			<subfield code="a">Chronicles of Narnia, Prince Caspian (Motion picture)</subfield>
		</datafield>
	</record>