
	<record>
		<leader>02075cam a22004573a 4500</leader>
		<controlfield tag="001">13818048</controlfield>
		<controlfield tag="005">20130619161950.0</controlfield>
		<controlfield tag="008">041217s2005 nyua j 000 1 eng d</controlfield>
		<datafield tag="020" ind1=" " ind2=" ">
			<subfield code="a">0060765593</subfield>
		</datafield>
		<datafield tag="035" ind1=" " ind2=" ">
			<subfield code="a">(OCoLC)ocm69393313</subfield>
		</datafield>
		<datafield tag="082" ind1="0" ind2="4">
			<subfield code="a">[E]</subfield>
			<subfield code="2">22</subfield>
		</datafield>
		<datafield tag="097" ind1="1" ind2="4">
			<subfield code="a">PZ7.F763</subfield>
			<subfield code="b">Te 2005</subfield>
		</datafield>
		<datafield tag="100" ind1="1" ind2=" ">
			<subfield code="a">Fox, Jennifer</subfield>
			<subfield code="d">1976-</subfield>
			<subfield code="1">http://viaf.org/viaf/29812754</subfield>
			<subfield code="4">aut</subfield>
		</datafield>
		<datafield tag="245" ind1="1" ind2="4">
			<subfield code="a">The Chronicles of Narnia :</subfield>
			<subfield code="b">the lion, the witch and the wardrobe.</subfield>
			<subfield code="p">Tea with Mr. Tumnus /</subfield>
			<subfield code="c">adapted by Jennifer Frantz.</subfield>
		</datafield>
		<datafield tag="246" ind1="3" ind2="3">
			<subfield code="a">Tea with Mister Tumnus</subfield>
		</datafield>
		<datafield tag="246" ind1="3" ind2="0">
			<subfield code="a">Lion, the witch and the wardrobe</subfield>
		</datafield>
		<datafield tag="260" ind1=" " ind2=" ">
			<subfield code="a">New York, NY :</subfield>
			<subfield code="b">HarperCollins,</subfield>
			<subfield code="c">c2005.</subfield>
		</datafield>
		<datafield tag="300" ind1=" " ind2=" ">
			<subfield code="a">32 s. :</subfield>
			<subfield code="b">col. ill. ;</subfield>
			<subfield code="c">24 cm.</subfield>
		</datafield>
		<datafield tag="490" ind1="1" ind2=" ">
			<subfield code="a">I can read</subfield>
		</datafield>
		<datafield tag="490" ind1="1" ind2=" ">
			<subfield code="a">Reading with help, 2</subfield>
		</datafield>
		<datafield tag="500" ind1=" " ind2=" ">
			<subfield code="a">"Based on the screenplay by Ann Peacock ... [et al.]."
				"Based on the book by C.S. Lewis."</subfield>
		</datafield>
		<datafield tag="521" ind1="1" ind2=" ">
			<subfield code="a">004-008.</subfield>
		</datafield>
		<datafield tag="520" ind1=" " ind2=" ">
			<subfield code="a">When Lucy stumbles unexpectedly into the magical land of Narnia, she
				is afraid she will never make is back home. Luckily she meets a friendly Faun named
				Mr. Tumnus, who offers Lucy afternoon tea and helps her find her way.</subfield>
		</datafield>
		<datafield tag="600" ind1="1" ind2="0">
			<subfield code="a">Narnia</subfield>
			<subfield code="c">(Fiktivt sted)</subfield>
		</datafield>
		<datafield tag="655" ind1=" " ind2="0">
			<subfield code="a">Fantasy</subfield>
		</datafield>
		<datafield tag="655" ind1=" " ind2="0">
			<subfield code="a">Barnelitteratur</subfield>
		</datafield>
		<datafield tag="653" ind1=" " ind2="0">
			<subfield code="a">Monstre</subfield>
		</datafield>
		<datafield tag="653" ind1=" " ind2="0">
			<subfield code="a">Uhyrer</subfield>
		</datafield>
		<datafield tag="653" ind1=" " ind2="0">
			<subfield code="a">Dyr</subfield>
		</datafield>
		<datafield tag="700" ind1="1" ind2=" ">
			<subfield code="a">Peacock, Ann.</subfield>
		</datafield>
		<datafield tag="700" ind1="1" ind2=" ">
			<subfield code="a">Lewis, C. S.</subfield>
			<subfield code="q">(Clive Staples),</subfield>
			<subfield code="d">1898-1963.</subfield>
			<subfield code="t">Lion, the witch, and the wardrobe.</subfield>
		</datafield>
		<datafield tag="730" ind1="0" ind2=" ">
			<subfield code="a">Chronicles of Narnia, the lion, the witch and the wardrobe (Motion
				picture)</subfield>
		</datafield>
	</record>