
	<record>
		<leader>01005ccm a2200253 a 4500</leader>
		<controlfield tag="001">5600633</controlfield>
		<controlfield tag="005">20050622141526.0</controlfield>
		<controlfield tag="008">861021s1985 enkmcc n eng </controlfield>
		<datafield tag="035" ind1=" " ind2=" ">
			<subfield code="9">(DLC) 86754514</subfield>
		</datafield>
		<datafield tag="100" ind1="1" ind2=" ">
			<subfield code="a">Kutchmy, Irita</subfield>
			<subfield code="1">http://viaf.org/viaf/199149106010268490673</subfield>
			<subfield code="4">aut</subfield>
		</datafield>
		<datafield tag="240" ind1="1" ind2="0">
			<subfield code="a">Lion, the witch, and the wardrobe.</subfield>
			<subfield code="s">Vocal score</subfield>
		</datafield>
		<datafield tag="245" ind1="1" ind2="4">
			<subfield code="a">The lion, the witch, and the wardrobe :</subfield>
			<subfield code="b">musical in two acts /</subfield>
			<subfield code="c">music by Irita Kutchmy ; book and lyrics by Irita Kutchmy ; based on
				the novel by C.S. Lewis.</subfield>
		</datafield>
		<datafield tag="254" ind1=" " ind2=" ">
			<subfield code="a">Vocal score.</subfield>
		</datafield>
		<datafield tag="260" ind1=" " ind2=" ">
			<subfield code="a">London :</subfield>
			<subfield code="b">J. Weinberger,</subfield>
			<subfield code="c">c1985.</subfield>
		</datafield>
		<datafield tag="300" ind1=" " ind2=" ">
			<subfield code="a">1 vocal score (130 s.) ;</subfield>
			<subfield code="c">28 cm.</subfield>
		</datafield>
		<datafield tag="600" ind1="1" ind2="0">
			<subfield code="a">Narnia</subfield>
			<subfield code="c">(Fiktivt sted)</subfield>
		</datafield>
		<datafield tag="655" ind1=" " ind2="0">
			<subfield code="a">Fantasy</subfield>
		</datafield>
		<datafield tag="655" ind1=" " ind2="0">
			<subfield code="a">Manus</subfield>
		</datafield>
		<datafield tag="653" ind1=" " ind2="0">
			<subfield code="a">Monstre</subfield>
		</datafield>
		<datafield tag="653" ind1=" " ind2="0">
			<subfield code="a">Uhyrer</subfield>
		</datafield>
		<datafield tag="653" ind1=" " ind2="0">
			<subfield code="a">Dyr</subfield>
		</datafield>
		<datafield tag="700" ind1="1" ind2=" ">
			<subfield code="a">Lewis, C. S.</subfield>
			<subfield code="q">(Clive Staples),</subfield>
			<subfield code="d">1898-1963.</subfield>
			<subfield code="t">Lion, the witch, and the wardrobe.</subfield>
		</datafield>
	</record>