
	<record>
		<leader>01484cam a2200349 i 4500</leader>
		<controlfield tag="001">19856527</controlfield>
		<controlfield tag="005">20180615145052.0</controlfield>
		<controlfield tag="008">170731s2017 cau c 000 1 eng </controlfield>
		<datafield tag="020" ind1=" " ind2=" ">
			<subfield code="a">9781423160939</subfield>
		</datafield>
		<datafield tag="042" ind1=" " ind2=" ">
			<subfield code="a">pcc</subfield>
			<subfield code="a">lcac</subfield>
		</datafield>
		<datafield tag="082" ind1="0" ind2="0">
			<subfield code="a">[Fic]</subfield>
			<subfield code="2">23</subfield>
		</datafield>
		<datafield tag="100" ind1="1" ind2=" ">
			<subfield code="a">Riordan, Rick</subfield>
			<subfield code="d">1964-</subfield>
			<subfield code="q">(Richard Russell)</subfield>
			<subfield code="1">http://viaf.org/viaf/60214017</subfield>
			<subfield code="4">aut</subfield>
		</datafield>
		<datafield tag="245" ind1="1" ind2="4">
			<subfield code="a">The Ship of the Dead /</subfield>
			<subfield code="c">Rick Riordan.</subfield>
		</datafield>
		<datafield tag="250" ind1=" " ind2=" ">
			<subfield code="a">First Edition.</subfield>
		</datafield>
		<datafield tag="264" ind1=" " ind2="1">
			<subfield code="a">Los Angeles ;</subfield>
			<subfield code="a">New York :</subfield>
			<subfield code="b">Disney-HYPERION,</subfield>
			<subfield code="c">2017.</subfield>
		</datafield>
		<datafield tag="300" ind1=" " ind2=" ">
			<subfield code="a">421 s. ;</subfield>
			<subfield code="c">22 cm.</subfield>
		</datafield>
		<datafield tag="490" ind1="0" ind2=" ">
			<subfield code="a">Magnus Chase and the gods of Asgard ;</subfield>
			<subfield code="v">book 3</subfield>
		</datafield>
		<datafield tag="520" ind1=" " ind2=" ">
			<subfield code="a">Magnus and his friends set sail for the farthest borders of Jotunheim
				and Niflheim in pursuit of Asgard's greatest threat, Loki's demonic ship full of
				zombies.</subfield>
		</datafield>
		<datafield tag="655" ind1=" " ind2="0">
			<subfield code="a">Fantasy</subfield>
		</datafield>
		<datafield tag="655" ind1=" " ind2="0">
			<subfield code="a">Ungdomslitteratur</subfield>
		</datafield>
		<datafield tag="653" ind1=" " ind2="0">
			<subfield code="a">Mytologi, Gresk</subfield>
		</datafield>
		<datafield tag="653" ind1=" " ind2="0">
			<subfield code="a">Monstre</subfield>
		</datafield>
		<datafield tag="653" ind1=" " ind2="0">
			<subfield code="a">Uhyrer</subfield>
		</datafield>
		<datafield tag="776" ind1="0" ind2="8">
			<subfield code="i">Online version:</subfield>
			<subfield code="a">Riordan, Rick, author.</subfield>
			<subfield code="t">Ship of the Dead</subfield>
			<subfield code="b">First edition.</subfield>
			<subfield code="d">Los Angeles ; New York : Disney-HYPERION, 2017</subfield>
			<subfield code="z">9781484758601</subfield>
			<subfield code="w">(DLC) 2017041053</subfield>
		</datafield>
	</record>