
	<record>
		<leader>01546cam a2200397 a 4500</leader>
		<controlfield tag="001">16974115</controlfield>
		<controlfield tag="005">20160914141814.0</controlfield>
		<controlfield tag="008">110923s2011 meu jd 000 1 eng </controlfield>
		<datafield tag="020" ind1=" " ind2=" ">
			<subfield code="a">9781410441225</subfield>
		</datafield>
		<datafield tag="042" ind1=" " ind2=" ">
			<subfield code="a">lcac</subfield>
			<subfield code="a">pcc</subfield>
		</datafield>
		<datafield tag="082" ind1="0" ind2="0">
			<subfield code="a">[Fic]</subfield>
			<subfield code="2">23</subfield>
		</datafield>
		<datafield tag="100" ind1="1" ind2=" ">
			<subfield code="a">Riordan, Rick</subfield>
			<subfield code="d">1964-</subfield>
			<subfield code="q">(Richard Russell)</subfield>
			<subfield code="1">http://viaf.org/viaf/60214017</subfield>
			<subfield code="4">aut</subfield>
		</datafield>
		<datafield tag="245" ind1="1" ind2="4">
			<subfield code="a">The son of Neptune /</subfield>
			<subfield code="c">Rick Riordan.</subfield>
		</datafield>
		<datafield tag="250" ind1=" " ind2=" ">
			<subfield code="a">Large print ed.</subfield>
		</datafield>
		<datafield tag="260" ind1=" " ind2=" ">
			<subfield code="a">Waterville, Me. :</subfield>
			<subfield code="b">Thorndike Press,</subfield>
			<subfield code="c">2011.</subfield>
		</datafield>
		<datafield tag="300" ind1=" " ind2=" ">
			<subfield code="a">615 s. ;</subfield>
			<subfield code="c">23 cm.</subfield>
		</datafield>
		<datafield tag="490" ind1="0" ind2=" ">
			<subfield code="a">The heroes of Olympus ;</subfield>
			<subfield code="v">bk. 2</subfield>
		</datafield>
		<datafield tag="520" ind1=" " ind2=" ">
			<subfield code="a">Demigod Percy Jackson, still with no memory, and his new friends from
				Camp Jupiter, Hazel and Frank, go on a quest to free Death, but their bigger task is
				to unite the Greek and Roman camps so that the Prophecy of Seven can be
				fulfilled.</subfield>
		</datafield>
		<datafield tag="655" ind1=" " ind2="0">
			<subfield code="a">Fantasy</subfield>
		</datafield>
		<datafield tag="655" ind1=" " ind2="0">
			<subfield code="a">Ungdomslitteratur</subfield>
		</datafield>
		<datafield tag="653" ind1=" " ind2="0">
			<subfield code="a">Mytologi, Gresk</subfield>
		</datafield>
		<datafield tag="653" ind1=" " ind2="0">
			<subfield code="a">Monstre</subfield>
		</datafield>
		<datafield tag="653" ind1=" " ind2="0">
			<subfield code="a">Uhyrer</subfield>
		</datafield>
	</record>