
	<record>
		<leader>01732cam a2200373 a 4500</leader>
		<controlfield tag="001">16720422</controlfield>
		<controlfield tag="005">20160421165835.0</controlfield>
		<controlfield tag="008">110404s2013 nyua c 6 000 1 eng </controlfield>
		<datafield tag="020" ind1=" " ind2=" ">
			<subfield code="a">9781423145295</subfield>
		</datafield>
		<datafield tag="042" ind1=" " ind2=" ">
			<subfield code="a">lcac</subfield>
			<subfield code="a">pcc</subfield>
		</datafield>
		<datafield tag="082" ind1="0" ind2="0">
			<subfield code="a">741.5/973</subfield>
			<subfield code="2">23</subfield>
		</datafield>
		<datafield tag="100" ind1="1" ind2=" ">
			<subfield code="a">Venditti, Robert</subfield>
			<subfield code="1">http://viaf.org/viaf/44065980</subfield>
			<subfield code="4">aut</subfield>
		</datafield>
		<datafield tag="245" ind1="1" ind2="4">
			<subfield code="a">The sea of monsters :</subfield>
			<subfield code="b">the graphic novel /</subfield>
			<subfield code="c">by Rick Riordan ; adapted by Robert Venditti ; art by Attila Futaki ;
				colors by Tamas Gaspar ; lettering by Chris Dickey.</subfield>
		</datafield>
		<datafield tag="250" ind1=" " ind2=" ">
			<subfield code="a">1st ed.</subfield>
		</datafield>
		<datafield tag="260" ind1=" " ind2=" ">
			<subfield code="a">New York :</subfield>
			<subfield code="b">Disney-Hyperion Books,</subfield>
			<subfield code="c">c2013.</subfield>
		</datafield>
		<datafield tag="300" ind1=" " ind2=" ">
			<subfield code="a">1 v. (unummerert) :</subfield>
			<subfield code="b">col. ill. ;</subfield>
			<subfield code="c">24 cm.</subfield>
		</datafield>
		<datafield tag="490" ind1="0" ind2=" ">
			<subfield code="a">Percy Jackson & the Olympians ;</subfield>
			<subfield code="v">bk. 2</subfield>
		</datafield>
		<datafield tag="520" ind1=" " ind2=" ">
			<subfield code="a">After discovering a secret that makes him question the honor of being
				the son of Poseidon, demi-god Percy Jackson journeys into the Sea of Monsters in an
				attempt to save Camp Half-Blood.</subfield>
		</datafield>
		<datafield tag="655" ind1=" " ind2="0">
			<subfield code="a">Tegneserier</subfield>
		</datafield>
		<datafield tag="655" ind1=" " ind2="0">
			<subfield code="a">Fantasy</subfield>
		</datafield>
		<datafield tag="700" ind1="1" ind2=" ">
			<subfield code="a">Futaki, Attila,</subfield>
			<subfield code="e">ill.</subfield>
		</datafield>
		<datafield tag="700" ind1="1" ind2=" ">
			<subfield code="a">Riordan, Rick</subfield>
			<subfield code="t">Sea of monsters.</subfield>
		</datafield>
	</record>