
	<record>
		<leader>00784nam a22002658i 4500</leader>
		<controlfield tag="001">019159434</controlfield>
		<controlfield tag="003">Uk</controlfield>
		<controlfield tag="005">20181204170100.0</controlfield>
		<controlfield tag="008">181009s2019 enk 000|f|eng|d</controlfield>
		<datafield tag="020" ind1=" " ind2=" ">
			<subfield code="a">9781785941061:</subfield>
		</datafield>
		<datafield tag="082" ind1="0" ind2="4">
			<subfield code="a">823.92</subfield>
			<subfield code="2">23</subfield>
		</datafield>
		<datafield tag="100" ind1="1" ind2=" ">
			<subfield code="a">Goss, James</subfield>
			<subfield code="d">1974-</subfield>
			<subfield code="1">http://viaf.org/viaf/41375445</subfield>
			<subfield code="4">aut</subfield>
		</datafield>
		<datafield tag="245" ind1="1" ind2="0">
			<subfield code="a">Doctor Who and the Krikkitmen /</subfield>
			<subfield code="c">James Goss, Douglas Adams.</subfield>
		</datafield>
		<datafield tag="263" ind1=" " ind2=" ">
			<subfield code="a">201902</subfield>
		</datafield>
		<datafield tag="264" ind1=" " ind2="1">
			<subfield code="a">London :</subfield>
			<subfield code="b">BBC Books,</subfield>
			<subfield code="c">2019.</subfield>
		</datafield>
		<datafield tag="300" ind1=" " ind2=" ">
			<subfield code="a">1 volume ;</subfield>
			<subfield code="c">20 cm</subfield>
		</datafield>
		<datafield tag="600" ind1="0" ind2="0">
			<subfield code="a">Doctor Who</subfield>
			<subfield code="c">(Fiktiv karakter)</subfield>
		</datafield>
		<datafield tag="655" ind1=" " ind2="0">
			<subfield code="a">Science-fiction</subfield>
		</datafield>
		<datafield tag="700" ind1="1" ind2=" ">
			<subfield code="a">Adams, Douglas</subfield>
			<subfield code="d">1952-2001.</subfield>
		</datafield>
	</record>