
	<record>
		<leader>01022nam a22002898i 4500</leader>
		<controlfield tag="001">019115643</controlfield>
		<controlfield tag="003">Uk</controlfield>
		<controlfield tag="005">20181106170100.0</controlfield>
		<controlfield tag="008">181030s2018 nyua 6 000|j|eng|d</controlfield>
		<datafield tag="020" ind1=" " ind2=" ">
			<subfield code="a">9781596875869 :</subfield>
		</datafield>
		<datafield tag="082" ind1="0" ind2="4">
			<subfield code="a">741.5941</subfield>
			<subfield code="2">23</subfield>
		</datafield>
		<datafield tag="100" ind1="1" ind2=" ">
			<subfield code="a">Carnell, John</subfield>
			<subfield code="q">(John Spencer),</subfield>
			<subfield code="d">1948-</subfield>
			<subfield code="1">http://viaf.org/viaf/85501633</subfield>
			<subfield code="4">aut</subfield>
		</datafield>
		<datafield tag="240" ind1="1" ind2="0">
			<subfield code="a">Hitchhiker's guide to the galaxy :</subfield>
			<subfield code="1">https://viaf.org/viaf/175419430</subfield>
		</datafield>
		<datafield tag="245" ind1="1" ind2="0">
			<subfield code="a">Hitchhiker's guide to the galaxy :</subfield>
			<subfield code="b">the authorized collection /</subfield>
			<subfield code="c">John Carnell.</subfield>
		</datafield>
		<datafield tag="263" ind1=" " ind2=" ">
			<subfield code="a">201811</subfield>
		</datafield>
		<datafield tag="264" ind1=" " ind2="1">
			<subfield code="a">Jericho :</subfield>
			<subfield code="b">Milk & Cookies,</subfield>
			<subfield code="c">2018.</subfield>
		</datafield>
		<datafield tag="300" ind1=" " ind2=" ">
			<subfield code="a">1 volume :</subfield>
			<subfield code="b">chiefly illustrations (colour) ;</subfield>
			<subfield code="c">26 cm</subfield>
		</datafield>
		<datafield tag="655" ind1=" " ind2="0">
			<subfield code="a">Science-fiction</subfield>
		</datafield>
	</record>