
	<record>
		<leader>02015aam a22005651i 4500</leader>
		<controlfield tag="001">018192320</controlfield>
		<controlfield tag="003">Uk</controlfield>
		<controlfield tag="005">20170128020747.0</controlfield>
		<controlfield tag="006">m || d | </controlfield>
		<controlfield tag="007">cr |||||||||||</controlfield>
		<controlfield tag="008">150508r20121988enk o 000 f eng d</controlfield>
		<datafield tag="020" ind1=" " ind2=" ">
			<subfield code="a">9781743290132</subfield>
		</datafield>
		<datafield tag="037" ind1=" " ind2=" ">
			<subfield code="a">PanMacmillan22947</subfield>
			<subfield code="b">Ingram Content Group</subfield>
		</datafield>
		<datafield tag="042" ind1=" " ind2=" ">
			<subfield code="a">ukblsr</subfield>
		</datafield>
		<datafield tag="050" ind1=" " ind2="4">
			<subfield code="a">PR6051.D3352</subfield>
		</datafield>
		<datafield tag="082" ind1="0" ind2="4">
			<subfield code="a">823.914</subfield>
			<subfield code="2">23</subfield>
		</datafield>
		<datafield tag="100" ind1="1" ind2=" ">
			<subfield code="a">Adams, Douglas</subfield>
			<subfield code="d">1952-2001 </subfield>
			<subfield code="q">(Douglas Noel)</subfield>
			<subfield code="1">http://viaf.org/viaf/113230702</subfield>
			<subfield code="4">aut</subfield>
		</datafield>
		<datafield tag="240" ind1="1" ind2="4">
			<subfield code="a">Dirk Gently's Holistic Detective Agency /</subfield>
			<subfield code="1">http://viaf.org/viaf/179734837</subfield>
		</datafield>
		<datafield tag="245" ind1="1" ind2="4">
			<subfield code="a">The long dark tea-time of the soul /</subfield>
			<subfield code="c">Douglas Adams.</subfield>
		</datafield>
		<datafield tag="264" ind1=" " ind2="1">
			<subfield code="a">London :</subfield>
			<subfield code="b">Pan,</subfield>
			<subfield code="c">2012.</subfield>
		</datafield>
		<datafield tag="300" ind1=" " ind2=" ">
			<subfield code="a">275 s.</subfield>
		</datafield>
		<datafield tag="500" ind1=" " ind2=" ">
			<subfield code="a">Originally published: London: Heinemann, 1988.</subfield>
		</datafield>
		<datafield tag="600" ind1=" " ind2="0">
			<subfield code="a">Gently, Dirk </subfield>
			<subfield code="c">(Fiktiv karakter)</subfield>
		</datafield>
		<datafield tag="653" ind1=" " ind2="0">
			<subfield code="a">Detektiv</subfield>
		</datafield>
		<datafield tag="655" ind1=" " ind2="0">
			<subfield code="a">Science-fiction</subfield>
		</datafield>
	</record>