
	<record>
		<leader>01886aam a22004931i 4500</leader>
		<controlfield tag="001">018184022</controlfield>
		<controlfield tag="003">Uk</controlfield>
		<controlfield tag="005">20170119023512.0</controlfield>
		<controlfield tag="006">m || d | </controlfield>
		<controlfield tag="007">cr |||||||||||</controlfield>
		<controlfield tag="008">170112r20131990enkb o 001 h eng d</controlfield>
		<datafield tag="020" ind1=" " ind2=" ">
			<subfield code="a">9781447262602</subfield>
		</datafield>
		<datafield tag="037" ind1=" " ind2=" ">
			<subfield code="a">PanMacmillan34735</subfield>
			<subfield code="b">Ingram Content Group</subfield>
		</datafield>
		<datafield tag="042" ind1=" " ind2=" ">
			<subfield code="a">ukblsr</subfield>
		</datafield>
		<datafield tag="050" ind1=" " ind2="4">
			<subfield code="a">PN6231.N24</subfield>
		</datafield>
		<datafield tag="082" ind1="0" ind2="4">
			<subfield code="a">828.91402</subfield>
			<subfield code="2">22</subfield>
		</datafield>
		<datafield tag="100" ind1="1" ind2=" ">
			<subfield code="a">Adams, Douglas</subfield>
			<subfield code="d">1952-2001 </subfield>
			<subfield code="q">(Douglas Noel)</subfield>
			<subfield code="1">http://viaf.org/viaf/113230702</subfield>
			<subfield code="4">aut</subfield>
		</datafield>
		<datafield tag="240" ind1="1" ind2="0">
			<subfield code="a">The meaning of liff /</subfield>
			<subfield code="1">http://viaf.org/viaf/310212628</subfield>
		</datafield>
		<datafield tag="245" ind1="1" ind2="4">
			<subfield code="a">The meaning of liff /</subfield>
			<subfield code="c">Douglas Adams, John Lloyd.</subfield>
		</datafield>
		<datafield tag="264" ind1=" " ind2="1">
			<subfield code="a">London :</subfield>
			<subfield code="b">Boxtree and Faber and Faber,</subfield>
			<subfield code="c">2013.</subfield>
		</datafield>
		<datafield tag="264" ind1=" " ind2="4">
			<subfield code="c">©2013.</subfield>
		</datafield>
		<datafield tag="300" ind1=" " ind2=" ">
			<subfield code="a">1 online resource (xi, 224 s.) :</subfield>
			<subfield code="b">map.</subfield>
		</datafield>
		<datafield tag="500" ind1=" " ind2=" ">
			<subfield code="a">Includes index.</subfield>
		</datafield>
		<datafield tag="500" ind1=" " ind2=" ">
			<subfield code="a">"The Meaning of Liff first published 1983 by Pan Books and Faber
				and Faber Limited; and re-published with extra material as The Deeper Meaning of
				Liff 1990 by Pan Books and Faber and Faber Limited"-\-Title page
				verso.</subfield>
		</datafield>
		<datafield tag="500" ind1=" " ind2=" ">
			<subfield code="a">The text appears to be that of The deeper meaning of liff, with a few
				small changes, even though its publication celebrates the 30th anniversary of its
				predecessor The meaning of liff.</subfield>
		</datafield>
		<datafield tag="500" ind1=" " ind2=" ">
			<subfield code="a">Formerly CIP.</subfield>
			<subfield code="5">Uk</subfield>
		</datafield>
		<datafield tag="588" ind1="0" ind2=" ">
			<subfield code="a">Print version record.</subfield>
		</datafield>
		<datafield tag="655" ind1=" " ind2="0">
			<subfield code="a">Science-fiction</subfield>
		</datafield>
		<datafield tag="700" ind1="1" ind2=" ">
			<subfield code="a">Lloyd, John</subfield>
			<subfield code="d">1951-</subfield>
			<subfield code="e">author.</subfield>
			<subfield code="1">http://viaf.org/viaf/29852493</subfield>
		</datafield>
	</record>