
	<record>
		<leader>00975nam a22002898i 4500</leader>
		<controlfield tag="001">019132723</controlfield>
		<controlfield tag="003">Uk</controlfield>
		<controlfield tag="005">20181120170100.0</controlfield>
		<controlfield tag="008">181119s2018 it a j 000|f|eng|d</controlfield>
		<datafield tag="020" ind1=" " ind2=" ">
			<subfield code="a">9788854413153 :</subfield>
		</datafield>
		<datafield tag="082" ind1="0" ind2="4">
			<subfield code="a">853.92</subfield>
			<subfield code="2">23</subfield>
		</datafield>
		<datafield tag="100" ind1="1" ind2=" ">
			<subfield code="a">Cosanti, Francesca</subfield>
			<subfield code="d">1985-</subfield>
			<subfield code="1">http://viaf.org/viaf/4147481502849242661</subfield>
			<subfield code="4">aut</subfield>
		</datafield>
		<datafield tag="240" ind1="1" ind2="0">
			<subfield code="a">Alice in Wonderland</subfield>
			<subfield code="1">http://viaf.org/viaf/180646266</subfield>
		</datafield>
		<datafield tag="245" ind1="1" ind2="0">
			<subfield code="a">Alice in Wonderland /</subfield>
			<subfield code="c">illustrations by Francesca Costani; based on the story by Lewis
				Carroll.</subfield>
		</datafield>
		<datafield tag="263" ind1=" " ind2=" ">
			<subfield code="a">201811</subfield>
		</datafield>
		<datafield tag="264" ind1=" " ind2="1">
			<subfield code="a">Vercelli :</subfield>
			<subfield code="b">White Star Kids,</subfield>
			<subfield code="c">2018.</subfield>
		</datafield>
		<datafield tag="300" ind1=" " ind2=" ">
			<subfield code="a">1 volume :</subfield>
			<subfield code="b">ill. (farger) ;</subfield>
			<subfield code="c">32 cm</subfield>
		</datafield>
		<datafield tag="521" ind1="1" ind2=" ">
			<subfield code="a">5+.</subfield>
		</datafield>
		<datafield tag="600" ind1="0" ind2="0">
			<subfield code="a">Alice</subfield>
			<subfield code="c">(Fiktiv karakter)</subfield>
		</datafield>
		<datafield tag="655" ind1=" " ind2="0">
			<subfield code="a">Barnelitteratur</subfield>
		</datafield>
		<datafield tag="655" ind1=" " ind2="0">
			<subfield code="a">Fantasy</subfield>
		</datafield>
		<datafield tag="700" ind1="2" ind2=" ">
			<subfield code="a">Carroll, Lewis</subfield>
			<subfield code="d">1832-1898.</subfield>
			<subfield code="t">Alice in Wonderland.</subfield>
			<subfield code="1">http://viaf.org/viaf/180646266</subfield>
		</datafield>
	</record>