
	<record>
		<leader>01135nam a22003258i 4500</leader>
		<controlfield tag="001">019103152</controlfield>
		<controlfield tag="003">Uk</controlfield>
		<controlfield tag="005">20181030170000.0</controlfield>
		<controlfield tag="008">181023s2018 stka 000|f|rom|d</controlfield>
		<datafield tag="020" ind1=" " ind2=" ">
			<subfield code="a">9781782012191 :</subfield>
		</datafield>
		<datafield tag="041" ind1="1" ind2=" ">
			<subfield code="a">rom</subfield>
			<subfield code="h">eng</subfield>
		</datafield>
		<datafield tag="082" ind1="0" ind2="4">
			<subfield code="a">823.8</subfield>
			<subfield code="2">23</subfield>
		</datafield>
		<datafield tag="100" ind1="1" ind2=" ">
			<subfield code="a">Carroll, Lewis</subfield>
			<subfield code="d">1832-1898 </subfield>
			<subfield code="q">(Charles Lutwidge Dodgson)</subfield>
			<subfield code="1">http://viaf.org/viaf/66462036</subfield>
			<subfield code="4">aut</subfield>
		</datafield>
		<datafield tag="245" ind1="1" ind2="0">
			<subfield code="a">Sir Alisa Popeja ke cudengiri phuv /</subfield>
			<subfield code="c">Lewis Carroll ; illustrated by John Tenniel ; edited by Victor Fet ;
				translated by Viktor Shapoval.</subfield>
		</datafield>
		<datafield tag="263" ind1=" " ind2=" ">
			<subfield code="a">201810</subfield>
		</datafield>
		<datafield tag="264" ind1=" " ind2="1">
			<subfield code="a">Dundee :</subfield>
			<subfield code="b">Evertype,</subfield>
			<subfield code="c">2018.</subfield>
		</datafield>
		<datafield tag="300" ind1=" " ind2=" ">
			<subfield code="a">1 volume :</subfield>
			<subfield code="b">illustrations (black and white) ;</subfield>
			<subfield code="c">22 cm</subfield>
		</datafield>
		<datafield tag="500" ind1=" " ind2=" ">
			<subfield code="a">Translated from the English.</subfield>
		</datafield>
		<datafield tag="600" ind1="0" ind2="0">
			<subfield code="a">Alice</subfield>
			<subfield code="c">(Fiktiv karakter)</subfield>
		</datafield>
		<datafield tag="655" ind1=" " ind2="0">
			<subfield code="a">Barnelitteratur</subfield>
		</datafield>
		<datafield tag="655" ind1=" " ind2="0">
			<subfield code="a">Fantasy</subfield>
		</datafield>
		<datafield tag="700" ind1="1" ind2=" ">
			<subfield code="a">Shapoval, Viktor,</subfield>
			<subfield code="e">translator.</subfield>
		</datafield>
		<datafield tag="700" ind1="1" ind2=" ">
			<subfield code="a">Tenniel, John</subfield>
			<subfield code="d">1820-1914,</subfield>
			<subfield code="e">illustrator.</subfield>
		</datafield>
		<datafield tag="700" ind1="1" ind2=" ">
			<subfield code="a">Fet, Victor,</subfield>
			<subfield code="e">editor.</subfield>
		</datafield>
	</record>