
	<record>
		<leader>01309nam a22003618i 4500</leader>
		<controlfield tag="001">019055232</controlfield>
		<controlfield tag="003">Uk</controlfield>
		<controlfield tag="005">20180918170000.0</controlfield>
		<controlfield tag="008">180913s2018 stka j 000|f|und|d</controlfield>
		<datafield tag="020" ind1=" " ind2=" ">
			<subfield code="a">9781782012214 :</subfield>
		</datafield>
		<datafield tag="041" ind1="1" ind2=" ">
			<subfield code="a">und</subfield>
			<subfield code="h">eng</subfield>
		</datafield>
		<datafield tag="082" ind1="0" ind2="4">
			<subfield code="a">823.8</subfield>
			<subfield code="2">23</subfield>
		</datafield>
		<datafield tag="100" ind1="1" ind2=" ">
			<subfield code="a">Carroll, Lewis</subfield>
			<subfield code="d">1832-1898 </subfield>
			<subfield code="q">(Charles Lutwidge Dodgson)</subfield>
			<subfield code="1">http://viaf.org/viaf/66462036</subfield>
			<subfield code="4">aut</subfield>
		</datafield>
		<datafield tag="240" ind1="1" ind2="0">
			<subfield code="a">Alice's adventures in Wonderland.</subfield>
			<subfield code="l">Uropi</subfield>
		</datafield>
		<datafield tag="245" ind1="1" ind2="3">
			<subfield code="a">De aventure Alisu in Mirvizilànd :</subfield>
			<subfield code="b">Alice's adventures in Wonderland in Uropi /</subfield>
			<subfield code="c">Lewis Carroll ; illustrated by John Tenniel ; translated by Bertrand
				Carette, Joël Landais.</subfield>
		</datafield>
		<datafield tag="263" ind1=" " ind2=" ">
			<subfield code="a">201809</subfield>
		</datafield>
		<datafield tag="264" ind1=" " ind2="1">
			<subfield code="a">Dundee :</subfield>
			<subfield code="b">Evertype,</subfield>
			<subfield code="c">2018.</subfield>
		</datafield>
		<datafield tag="300" ind1=" " ind2=" ">
			<subfield code="a">1 volume :</subfield>
			<subfield code="b">illustrations (black and white) ;</subfield>
			<subfield code="c">22 cm</subfield>
		</datafield>
		<datafield tag="500" ind1=" " ind2=" ">
			<subfield code="a">Translated from the English.</subfield>
		</datafield>
		<datafield tag="600" ind1="0" ind2="0">
			<subfield code="a">Alice</subfield>
			<subfield code="c">(Fiktiv karakter)</subfield>
		</datafield>
		<datafield tag="655" ind1=" " ind2="0">
			<subfield code="a">Barnelitteratur</subfield>
		</datafield>
		<datafield tag="655" ind1=" " ind2="0">
			<subfield code="a">Fantasy</subfield>
		</datafield>
		<datafield tag="700" ind1="1" ind2=" ">
			<subfield code="a">Carette, Bertrand,</subfield>
			<subfield code="e">translator.</subfield>
		</datafield>
		<datafield tag="700" ind1="1" ind2=" ">
			<subfield code="a">Landais, Joël,</subfield>
			<subfield code="e">translator.</subfield>
		</datafield>
		<datafield tag="700" ind1="1" ind2=" ">
			<subfield code="a">Tenniel, John</subfield>
			<subfield code="d">1820-1914,</subfield>
			<subfield code="e">illustrator.</subfield>
		</datafield>
	</record>