
	<record>
		<leader>01031nam a22002898i 4500</leader>
		<controlfield tag="001">018933172</controlfield>
		<controlfield tag="003">Uk</controlfield>
		<controlfield tag="005">20180703170100.0</controlfield>
		<controlfield tag="008">180523s2018 caua j 000|f|eng|d</controlfield>
		<datafield tag="020" ind1=" " ind2=" ">
			<subfield code="a">9781641700320 :</subfield>
		</datafield>
		<datafield tag="082" ind1="0" ind2="4">
			<subfield code="a">813.6</subfield>
			<subfield code="2">23</subfield>
		</datafield>
		<datafield tag="100" ind1="1" ind2=" ">
			<subfield code="a">Herz, Henry</subfield>
			<subfield code="d">author.</subfield>
			<subfield code="4">aut</subfield>
		</datafield>
		<datafield tag="245" ind1="1" ind2="0">
			<subfield code="a">Alice's magic garden :</subfield>
			<subfield code="b">before the rabbit hole ... /</subfield>
			<subfield code="c">Henry Herz ; illustrated by Natalie Hoopes.</subfield>
		</datafield>
		<datafield tag="263" ind1=" " ind2=" ">
			<subfield code="a">201809</subfield>
		</datafield>
		<datafield tag="264" ind1=" " ind2="1">
			<subfield code="a">Sanger :</subfield>
			<subfield code="b">Familius,</subfield>
			<subfield code="c">2018.</subfield>
		</datafield>
		<datafield tag="300" ind1=" " ind2=" ">
			<subfield code="a">1 volume :</subfield>
			<subfield code="b">chiefly illustrations (colour) ;</subfield>
			<subfield code="c">28 cm</subfield>
		</datafield>
		<datafield tag="600" ind1="0" ind2="0">
			<subfield code="a">Alice</subfield>
			<subfield code="c">(Fiktiv karakter)</subfield>
		</datafield>
		<datafield tag="655" ind1=" " ind2="0">
			<subfield code="a">Barnelitteratur</subfield>
		</datafield>
		<datafield tag="655" ind1=" " ind2="0">
			<subfield code="a">Fantasy</subfield>
		</datafield>
		<datafield tag="700" ind1="1" ind2=" ">
			<subfield code="a">Hoopes, Natalie,</subfield>
			<subfield code="e">artist.</subfield>
		</datafield>
		<datafield tag="700" ind1="1" ind2=" ">
			<subfield code="a">Carroll, Lewis</subfield>
			<subfield code="d">1832-1898.</subfield>
			<subfield code="t">Alice's adventures in Wonderland.</subfield>
		</datafield>
	</record>