
	<record>
		<leader>01254nam a22003138i 4500</leader>
		<controlfield tag="001">018932826</controlfield>
		<controlfield tag="003">Uk</controlfield>
		<controlfield tag="005">20180703170100.0</controlfield>
		<controlfield tag="008">180502s2018 enka j 000|f|eng|d</controlfield>
		<datafield tag="020" ind1=" " ind2=" ">
			<subfield code="a">9781509894741 :</subfield>
		</datafield>
		<datafield tag="082" ind1="0" ind2="4">
			<subfield code="a">808.83034</subfield>
			<subfield code="2">23</subfield>
		</datafield>
		<datafield tag="245" ind1="0" ind2="0">
			<subfield code="a">Children's classics collection.</subfield>
		</datafield>
		<datafield tag="263" ind1=" " ind2=" ">
			<subfield code="a">201809</subfield>
		</datafield>
		<datafield tag="264" ind1=" " ind2="1">
			<subfield code="a">London :</subfield>
			<subfield code="b">Macmillan Collector's Library,</subfield>
			<subfield code="c">2018.</subfield>
		</datafield>
		<datafield tag="300" ind1=" " ind2=" ">
			<subfield code="a">4 volumes :</subfield>
			<subfield code="b">illustrations ;</subfield>
			<subfield code="c">15 cm</subfield>
		</datafield>
		<datafield tag="505" ind1="0" ind2=" ">
			<subfield code="a">Alice's adventures in Wonderland / Hans Christian Andersen -\- Best
				fairy tales / Hans Christian Andersen -\- The secret garden / Frances Hodgson Burnett
				-\- Anne of Green Gables / Lucy Maud Montgomery.</subfield>
		</datafield>
		<datafield tag="650" ind1=" " ind2="0">
			<subfield code="a">Eventyr</subfield>
		</datafield>
		<datafield tag="700" ind1="1" ind2="2">
			<subfield code="a">Carroll, Lewis</subfield>
			<subfield code="d">1832-1898.</subfield>
			<subfield code="t">Alice's adventures in Wonderland.</subfield>
		</datafield>
		<datafield tag="700" ind1="1" ind2="2">
			<subfield code="a">Andersen, H. C.</subfield>
			<subfield code="q">(Hans Christian),</subfield>
			<subfield code="d">1805-1875.</subfield>
			<subfield code="t">Best fairy tales.</subfield>
		</datafield>
		<datafield tag="700" ind1="1" ind2="2">
			<subfield code="a">Burnett, Frances Hodgson,</subfield>
			<subfield code="d">1849-1924.</subfield>
			<subfield code="t">Secret garden.</subfield>
		</datafield>
		<datafield tag="700" ind1="1" ind2="2">
			<subfield code="a">Montgomery, L. M.</subfield>
			<subfield code="q">(Lucy Maud),</subfield>
			<subfield code="d">1874-1942.</subfield>
			<subfield code="t">Anne of Green Gables.</subfield>
		</datafield>
	</record>