
	<record>
		<leader>00889nam a22002778i 4500</leader>
		<controlfield tag="001">018915758</controlfield>
		<controlfield tag="003">Uk</controlfield>
		<controlfield tag="005">20180619170100.0</controlfield>
		<controlfield tag="008">180410s2018 ii a j 000|f|eng|d</controlfield>
		<datafield tag="020" ind1=" " ind2=" ">
			<subfield code="a">9789384225490 :</subfield>
		</datafield>
		<datafield tag="082" ind1="0" ind2="4">
			<subfield code="a">823.92</subfield>
			<subfield code="2">23</subfield>
		</datafield>
		<datafield tag="245" ind1="0" ind2="0">
			<subfield code="a">Through the looking-glass /</subfield>
			<subfield code="c">Lewis Carroll.</subfield>
		</datafield>
		<datafield tag="263" ind1=" " ind2=" ">
			<subfield code="a">201808</subfield>
		</datafield>
		<datafield tag="264" ind1=" " ind2="1">
			<subfield code="a">New Delhi :</subfield>
			<subfield code="b">Om Books International,</subfield>
			<subfield code="c">2018.</subfield>
		</datafield>
		<datafield tag="300" ind1=" " ind2=" ">
			<subfield code="a">1 volume :</subfield>
			<subfield code="b">illustrations ;</subfield>
			<subfield code="c">20 cm.</subfield>
		</datafield>
		<datafield tag="490" ind1="0" ind2=" ">
			<subfield code="a">Om illustrated classics</subfield>
		</datafield>
		<datafield tag="600" ind1="0" ind2="0">
			<subfield code="a">Alice</subfield>
			<subfield code="c">(Fiktiv karakter)</subfield>
		</datafield>
		<datafield tag="655" ind1=" " ind2="0">
			<subfield code="a">Barnelitteratur</subfield>
		</datafield>
		<datafield tag="655" ind1=" " ind2="0">
			<subfield code="a">Fantasy</subfield>
		</datafield>
		<datafield tag="700" ind1="1" ind2=" ">
			<subfield code="a">Carroll, Lewis</subfield>
			<subfield code="d">1832-1898.</subfield>
			<subfield code="t">Through the looking-glass.</subfield>
		</datafield>
	</record>