
	<record>
		<leader>01493nam a2200373 i 4500</leader>
		<controlfield tag="001">018875021</controlfield>
		<controlfield tag="003">Uk</controlfield>
		<controlfield tag="005">20181220134312.0</controlfield>
		<controlfield tag="008">180522s2018 enka b 000 1 eng </controlfield>
		<datafield tag="020" ind1=" " ind2=" ">
			<subfield code="a">9780995557048</subfield>
		</datafield>
		<datafield tag="042" ind1=" " ind2=" ">
			<subfield code="a">ukblsr</subfield>
		</datafield>
		<datafield tag="082" ind1="0" ind2="4">
			<subfield code="a">823.8</subfield>
			<subfield code="2">23</subfield>
		</datafield>
		<datafield tag="100" ind1="1" ind2=" ">
			<subfield code="a">Carroll, Lewis</subfield>
			<subfield code="d">1832-1898 </subfield>
			<subfield code="q">(Charles Lutwidge Dodgson)</subfield>
			<subfield code="1">http://viaf.org/viaf/66462036</subfield>
			<subfield code="4">aut</subfield>
		</datafield>
		<datafield tag="245" ind1="1" ind2="0">
			<subfield code="a">Through the looking-glass and what Alice found there /</subfield>
			<subfield code="c">Lewis Carroll ; with illustrations by Gennady Kalinovski from his
				1922 edition ; [introduction] by Ella Parry-Davis.</subfield>
		</datafield>
		<datafield tag="246" ind1="1" ind2="3">
			<subfield code="a">Alice through the looking glass</subfield>
		</datafield>
		<datafield tag="264" ind1=" " ind2="1">
			<subfield code="a">London :</subfield>
			<subfield code="b">Inky Parrot Press,</subfield>
			<subfield code="c">2018.</subfield>
		</datafield>
		<datafield tag="300" ind1=" " ind2=" ">
			<subfield code="a">162 s. :</subfield>
			<subfield code="b">illustrations (black and white, and colour) ;</subfield>
			<subfield code="c">33 cm</subfield>
		</datafield>
		<datafield tag="500" ind1=" " ind2=" ">
			<subfield code="a">"There are 160 standard copies and 48 Special
				copies"-\-colophon.</subfield>
		</datafield>
		<datafield tag="500" ind1=" " ind2=" ">
			<subfield code="a">Limited edition of 160 copies.</subfield>
		</datafield>
		<datafield tag="500" ind1=" " ind2=" ">
			<subfield code="a">Illustrations on inside covers.</subfield>
		</datafield>
		<datafield tag="504" ind1=" " ind2=" ">
			<subfield code="a">Includes bibliographical references.</subfield>
		</datafield>
		<datafield tag="600" ind1="0" ind2="0">
			<subfield code="a">Alice</subfield>
			<subfield code="c">(Fiktiv karakter)</subfield>
		</datafield>
		<datafield tag="655" ind1=" " ind2="0">
			<subfield code="a">Barnelitteratur</subfield>
		</datafield>
		<datafield tag="655" ind1=" " ind2="0">
			<subfield code="a">Fantasy</subfield>
		</datafield>
		<datafield tag="700" ind1="1" ind2=" ">
			<subfield code="a">Kalinovskiĭ, G.</subfield>
			<subfield code="q">(Gennadiĭ),</subfield>
			<subfield code="e">illustrator.</subfield>
		</datafield>
		<datafield tag="700" ind1="1" ind2=" ">
			<subfield code="a">Parry-Davies, Ella,</subfield>
			<subfield code="e">writer of introduction.</subfield>
		</datafield>
		<datafield tag="710" ind1="2" ind2=" ">
			<subfield code="a">Inky Parrot Press (1999- ),</subfield>
			<subfield code="e">publisher.</subfield>
		</datafield>
		<datafield tag="710" ind1="2" ind2=" ">
			<subfield code="a">Ludlow Bookbinders,</subfield>
			<subfield code="e">binder.</subfield>
		</datafield>
	</record>