
	<record>
		<leader>01213nam a22003498i 4500</leader>
		<controlfield tag="001">018837996</controlfield>
		<controlfield tag="003">Uk</controlfield>
		<controlfield tag="005">20180828150632.0</controlfield>
		<controlfield tag="008">180411s2018 ie a 000|f|rus|d</controlfield>
		<datafield tag="020" ind1=" " ind2=" ">
			<subfield code="a">9781782012092 :</subfield>
		</datafield>
		<datafield tag="041" ind1="1" ind2=" ">
			<subfield code="a">rus</subfield>
			<subfield code="h">eng</subfield>
		</datafield>
		<datafield tag="082" ind1="0" ind2="4">
			<subfield code="a">823.8</subfield>
			<subfield code="2">23</subfield>
		</datafield>
		<datafield tag="100" ind1="1" ind2=" ">
			<subfield code="a">Carroll, Lewis</subfield>
			<subfield code="d">1832-1898 </subfield>
			<subfield code="q">(Charles Lutwidge Dodgson)</subfield>
			<subfield code="1">http://viaf.org/viaf/66462036</subfield>
			<subfield code="4">aut</subfield>
		</datafield>
		<datafield tag="240" ind1="1" ind2="0">
			<subfield code="a">Alice's adventures in Wonderland.</subfield>
			<subfield code="l">Russian</subfield>
		</datafield>
		<datafield tag="245" ind1="1" ind2="0">
			<subfield code="a">Prikliucheniia Alisy v strane Chudes /</subfield>
			<subfield code="c">Lewis Carroll ; translated by Yury Nesterenko ; illustrated by John
				Tenniel ; edited by Victor Fet.</subfield>
		</datafield>
		<datafield tag="263" ind1=" " ind2=" ">
			<subfield code="a">201804</subfield>
		</datafield>
		<datafield tag="264" ind1=" " ind2="1">
			<subfield code="a">Portlaoise :</subfield>
			<subfield code="b">Evertype,</subfield>
			<subfield code="c">2018.</subfield>
		</datafield>
		<datafield tag="300" ind1=" " ind2=" ">
			<subfield code="a">1 volume :</subfield>
			<subfield code="b">illustrations (black and white) ;</subfield>
			<subfield code="c">22 cm</subfield>
		</datafield>
		<datafield tag="500" ind1=" " ind2=" ">
			<subfield code="a">Translated from the English.</subfield>
		</datafield>
		<datafield tag="600" ind1="0" ind2="0">
			<subfield code="a">Alice</subfield>
			<subfield code="c">(Fiktiv karakter)</subfield>
		</datafield>
		<datafield tag="655" ind1=" " ind2="0">
			<subfield code="a">Barnelitteratur</subfield>
		</datafield>
		<datafield tag="655" ind1=" " ind2="0">
			<subfield code="a">Fantasy</subfield>
		</datafield>
		<datafield tag="700" ind1="1" ind2=" ">
			<subfield code="a">Nesterenko, Yury,</subfield>
			<subfield code="e">translator.</subfield>
		</datafield>
		<datafield tag="700" ind1="1" ind2=" ">
			<subfield code="a">Tenniel, John</subfield>
			<subfield code="d">1820-1914,</subfield>
			<subfield code="e">illustrator.</subfield>
		</datafield>
		<datafield tag="700" ind1="1" ind2=" ">
			<subfield code="a">Fet, Victor,</subfield>
			<subfield code="e">editor.</subfield>
		</datafield>
	</record>