
	<record>
		<leader>01098nam a22003378i 4500</leader>
		<controlfield tag="001">019245983</controlfield>
		<controlfield tag="003">Uk</controlfield>
		<controlfield tag="005">20190205170600.0</controlfield>
		<controlfield tag="006">m||||||||d||||||||</controlfield>
		<controlfield tag="007">cr |||||||||||</controlfield>
		<controlfield tag="008">181212s2019 enka o6 000|f|eng|d</controlfield>
		<datafield tag="020" ind1=" " ind2=" ">
			<subfield code="a">9781472251411 </subfield>
		</datafield>
		<datafield tag="082" ind1="0" ind2="4">
			<subfield code="a">741.5</subfield>
			<subfield code="2">23</subfield>
		</datafield>
		<datafield tag="100" ind1="1" ind2=" ">
			<subfield code="a">Gaiman, Neil</subfield>
			<subfield code="d">1960 </subfield>
			<subfield code="q">(Neil Richard)</subfield>
			<subfield code="1">http://viaf.org/viaf/103859257</subfield>
			<subfield code="4">aut</subfield>
		</datafield>
		<datafield tag="245" ind1="1" ind2="0">
			<subfield code="a">My ainsel /</subfield>
			<subfield code="c">Neil Gaiman, P. Craig Russell ; illustrated by Scott
				Hampton.</subfield>
		</datafield>
		<datafield tag="263" ind1=" " ind2=" ">
			<subfield code="a">201904</subfield>
		</datafield>
		<datafield tag="264" ind1=" " ind2="1">
			<subfield code="a">London :</subfield>
			<subfield code="b">Headline,</subfield>
			<subfield code="c">2019.</subfield>
		</datafield>
		<datafield tag="300" ind1=" " ind2=" ">
			<subfield code="a">1 online resource :</subfield>
			<subfield code="b">chiefly illustrations.</subfield>
		</datafield>
		<datafield tag="490" ind1="0" ind2=" ">
			<subfield code="a">American gods</subfield>
		</datafield>
		<datafield tag="588" ind1=" " ind2=" ">
			<subfield code="a">Description based on CIP data; resource not viewed.</subfield>
		</datafield>
		<datafield tag="655" ind1=" " ind2="0">
			<subfield code="a">Tegneserier</subfield>
		</datafield>
		<datafield tag="655" ind1=" " ind2="0">
			<subfield code="a">Fantasy</subfield>
		</datafield>
		<datafield tag="700" ind1="1" ind2=" ">
			<subfield code="a">Russell, P. Craig,</subfield>
			<subfield code="e">author.</subfield>
		</datafield>
		<datafield tag="700" ind1="1" ind2=" ">
			<subfield code="a">Hampton, Scott,</subfield>
			<subfield code="e">artist.</subfield>
		</datafield>
		<datafield tag="776" ind1="0" ind2="8">
			<subfield code="i">Print version :</subfield>
			<subfield code="z">9781472251428</subfield>
		</datafield>
	</record>