
	<record>
		<leader>00882nam a22002898i 4500</leader>
		<controlfield tag="001">019243492</controlfield>
		<controlfield tag="003">Uk</controlfield>
		<controlfield tag="005">20190205170000.0</controlfield>
		<controlfield tag="008">190103s2019 enka 000|f|eng|d</controlfield>
		<datafield tag="020" ind1=" " ind2=" ">
			<subfield code="a">9781473227835 :</subfield>
		</datafield>
		<datafield tag="082" ind1="0" ind2="4">
			<subfield code="a">823.92</subfield>
			<subfield code="2">23</subfield>
		</datafield>
		<datafield tag="100" ind1="1" ind2=" ">
			<subfield code="a">Pratchett, Terry</subfield>
			<subfield code="d">1948-2015</subfield>
			<subfield code="1">http://viaf.org/viaf/76382712</subfield>
			<subfield code="4">aut</subfield>
		</datafield>
		<datafield tag="245" ind1="1" ind2="4">
			<subfield code="a">The illustrated good omens /</subfield>
			<subfield code="c">Terry Pratchett, Neil Gaiman ; illustrated by Paul Kidby.</subfield>
		</datafield>
		<datafield tag="263" ind1=" " ind2=" ">
			<subfield code="a">201904</subfield>
		</datafield>
		<datafield tag="264" ind1=" " ind2="1">
			<subfield code="a">London :</subfield>
			<subfield code="b">Gollancz,</subfield>
			<subfield code="c">2019.</subfield>
		</datafield>
		<datafield tag="300" ind1=" " ind2=" ">
			<subfield code="a">1 volume :</subfield>
			<subfield code="b">illustrations ;</subfield>
			<subfield code="c">24 cm</subfield>
		</datafield>
		<datafield tag="655" ind1=" " ind2="0">
			<subfield code="a">Fantasy</subfield>
		</datafield>
		<datafield tag="653" ind1=" " ind2="0">
			<subfield code="a">Humoristisk</subfield>
		</datafield>
		<datafield tag="700" ind1="1" ind2=" ">
			<subfield code="a">Gaiman, Neil</subfield>
			<subfield code="e">author.</subfield>
		</datafield>
		<datafield tag="700" ind1="1" ind2=" ">
			<subfield code="a">Kidby, Paul,</subfield>
			<subfield code="e">illustrator.</subfield>
		</datafield>
	</record>