
	<record>
		<leader>00962nam a22003018i 4500</leader>
		<controlfield tag="001">019243102</controlfield>
		<controlfield tag="003">Uk</controlfield>
		<controlfield tag="005">20190205170000.0</controlfield>
		<controlfield tag="008">190130s2019 nyua 6 000|f|eng|d</controlfield>
		<datafield tag="020" ind1=" " ind2=" ">
			<subfield code="a">9781401289089 :</subfield>
		</datafield>
		<datafield tag="082" ind1="0" ind2="4">
			<subfield code="a">741.5</subfield>
			<subfield code="2">23</subfield>
		</datafield>
		<datafield tag="100" ind1="1" ind2=" ">
			<subfield code="a">Gaiman, Neil</subfield>
			<subfield code="d">1960 </subfield>
			<subfield code="q">(Neil Richard)</subfield>
			<subfield code="1">http://viaf.org/viaf/103859257</subfield>
			<subfield code="4">aut</subfield>
		</datafield>
		<datafield tag="245" ind1="1" ind2="0">
			<subfield code="a">Brief lives /</subfield>
			<subfield code="c">Neil Gaiman, Jill Thompson.</subfield>
		</datafield>
		<datafield tag="250" ind1=" " ind2=" ">
			<subfield code="a">30th anniversary edition.</subfield>
		</datafield>
		<datafield tag="263" ind1=" " ind2=" ">
			<subfield code="a">201904</subfield>
		</datafield>
		<datafield tag="264" ind1=" " ind2="1">
			<subfield code="a">New York :</subfield>
			<subfield code="b">Vertigo,</subfield>
			<subfield code="c">2019.</subfield>
		</datafield>
		<datafield tag="300" ind1=" " ind2=" ">
			<subfield code="a">1 volume :</subfield>
			<subfield code="b">chiefly illustrations ;</subfield>
			<subfield code="c">26 cm.</subfield>
		</datafield>
		<datafield tag="490" ind1="0" ind2=" ">
			<subfield code="a">The Sandman ;</subfield>
			<subfield code="v">7</subfield>
		</datafield>
		<datafield tag="600" ind1="0" ind2="0">
			<subfield code="a">Sandman</subfield>
			<subfield code="c">(Fiktiv karakter)</subfield>
		</datafield>
		<datafield tag="655" ind1=" " ind2="0">
			<subfield code="a">Tegneserier</subfield>
		</datafield>
		<datafield tag="655" ind1=" " ind2="0">
			<subfield code="a">Skrekk</subfield>
		</datafield>
		<datafield tag="700" ind1="1" ind2=" ">
			<subfield code="a">Thompson, Jill,</subfield>
			<subfield code="d">1966-</subfield>
			<subfield code="e">author.</subfield>
		</datafield>
	</record>