
	<record>
		<leader>00797nam a22002538i 4500</leader>
		<controlfield tag="001">019142145</controlfield>
		<controlfield tag="003">Uk</controlfield>
		<controlfield tag="005">20181127170000.0</controlfield>
		<controlfield tag="008">181112s2019 caua 6 000|f|eng|d</controlfield>
		<datafield tag="020" ind1=" " ind2=" ">
			<subfield code="a">9781401287733 :</subfield>
		</datafield>
		<datafield tag="082" ind1="0" ind2="4">
			<subfield code="a">741.5973</subfield>
			<subfield code="2">23</subfield>
		</datafield>
		<datafield tag="100" ind1="1" ind2=" ">
			<subfield code="a">Gaiman, Neil</subfield>
			<subfield code="d">1960 </subfield>
			<subfield code="q">(Neil Richard)</subfield>
			<subfield code="1">http://viaf.org/viaf/103859257</subfield>
			<subfield code="4">aut</subfield>
		</datafield>
		<datafield tag="245" ind1="1" ind2="4">
			<subfield code="a">The Sandman :</subfield>
			<subfield code="b">omnibus.</subfield>
			<subfield code="n">Volume III /</subfield>
			<subfield code="c">Neil Gaiman ; artists, various.</subfield>
		</datafield>
		<datafield tag="263" ind1=" " ind2=" ">
			<subfield code="a">201901</subfield>
		</datafield>
		<datafield tag="264" ind1=" " ind2="1">
			<subfield code="a">Burbank, CA :</subfield>
			<subfield code="b">DC Comics,</subfield>
			<subfield code="c">2019.</subfield>
		</datafield>
		<datafield tag="300" ind1=" " ind2=" ">
			<subfield code="a">1 volume :</subfield>
			<subfield code="b">chiefly illustrations (black and white) ;</subfield>
			<subfield code="c">28 cm</subfield>
		</datafield>
		<datafield tag="600" ind1="0" ind2="0">
			<subfield code="a">Sandman</subfield>
			<subfield code="c">(Fiktiv karakter)</subfield>
		</datafield>
		<datafield tag="655" ind1=" " ind2="0">
			<subfield code="a">Tegneserier</subfield>
		</datafield>
		<datafield tag="655" ind1=" " ind2="0">
			<subfield code="a">Skrekk</subfield>
		</datafield>
	</record>