
	<record>
		<leader>01209nam a2200361 i 4500</leader>
		<controlfield tag="001">018475285</controlfield>
		<controlfield tag="003">Uk</controlfield>
		<controlfield tag="005">20180725091804.0</controlfield>
		<controlfield tag="008">170821s2017 xxua 0|0 0|eng </controlfield>
		<datafield tag="020" ind1=" " ind2=" ">
			<subfield code="a">9780062688712</subfield>
		</datafield>
		<datafield tag="042" ind1=" " ind2=" ">
			<subfield code="a">ukblsr</subfield>
		</datafield>
		<datafield tag="082" ind1="0" ind2="4">
			<subfield code="a">745.7</subfield>
			<subfield code="2">23</subfield>
		</datafield>
		<datafield tag="100" ind1="1" ind2=" ">
			<subfield code="a">Gaiman, Neil</subfield>
			<subfield code="d">1960 </subfield>
			<subfield code="q">(Neil Richard)</subfield>
			<subfield code="1">http://viaf.org/viaf/103859257</subfield>
			<subfield code="4">aut</subfield>
		</datafield>
		<datafield tag="245" ind1="1" ind2="0">
			<subfield code="a">American Gods :</subfield>
			<subfield code="b">the official coloring book /</subfield>
			<subfield code="c">Neil Gaiman ; [artists] Yvonne Gilbert, Craig Phillips, Jon
				Proctor.</subfield>
		</datafield>
		<datafield tag="250" ind1=" " ind2=" ">
			<subfield code="a">First edition.</subfield>
		</datafield>
		<datafield tag="264" ind1=" " ind2="1">
			<subfield code="a">New York, NY :</subfield>
			<subfield code="b">William Morrow,</subfield>
			<subfield code="c">[2017]</subfield>
		</datafield>
		<datafield tag="300" ind1=" " ind2=" ">
			<subfield code="a">1 volume (unummerert) :</subfield>
			<subfield code="b">chiefly illustrations (black and white) ;</subfield>
			<subfield code="c">28 cm</subfield>
		</datafield>
		<datafield tag="655" ind1=" " ind2="0">
			<subfield code="a">Fantasy</subfield>
		</datafield>
		<datafield tag="700" ind1="1" ind2=" ">
			<subfield code="a">Gilbert, Yvonne,</subfield>
			<subfield code="e">artist.</subfield>
		</datafield>
		<datafield tag="700" ind1="1" ind2=" ">
			<subfield code="a">Phillips, Craig,</subfield>
			<subfield code="d">1974-</subfield>
			<subfield code="e">artist.</subfield>
		</datafield>
		<datafield tag="700" ind1="1" ind2=" ">
			<subfield code="a">Proctor, Jon,</subfield>
			<subfield code="e">artist.</subfield>
		</datafield>
	</record>