
	<record>
		<leader>01650pam a2200373 i 4500</leader>
		<controlfield tag="001">018367283</controlfield>
		<controlfield tag="003">Uk</controlfield>
		<controlfield tag="005">20180718105236.0</controlfield>
		<controlfield tag="008">170523r20172010waua b |0|1 0|eng </controlfield>
		<datafield tag="020" ind1=" " ind2=" ">
			<subfield code="a">9781601259493</subfield>
		</datafield>
		<datafield tag="042" ind1=" " ind2=" ">
			<subfield code="a">ukblsr</subfield>
		</datafield>
		<datafield tag="082" ind1="0" ind2="4">
			<subfield code="a">793.93</subfield>
			<subfield code="2">23</subfield>
		</datafield>
		<datafield tag="100" ind1="1" ind2=" ">
			<subfield code="a">Banks, Cam</subfield>
			<subfield code="d">1971-</subfield>
			<subfield code="1">http://viaf.org/viaf/306105550</subfield>
			<subfield code="4">aut</subfield>
		</datafield>
		<datafield tag="245" ind1="1" ind2="0">
			<subfield code="a">Pathfinder roleplaying game :</subfield>
			<subfield code="b">GameMastery guide /</subfield>
			<subfield code="c">authors: Cam Banks [and thirty others] ; interior artists: Alex
				Aparin [and twenty-two others] ; editing and development: Judy Bauer [and six
				others].</subfield>
		</datafield>
		<datafield tag="246" ind1="3" ind2="0">
			<subfield code="a">GameMastery guide</subfield>
		</datafield>
		<datafield tag="246" ind1="3" ind2="0">
			<subfield code="a">Game mastery guide</subfield>
		</datafield>
		<datafield tag="264" ind1=" " ind2="1">
			<subfield code="a">Redmond, WA :</subfield>
			<subfield code="b">Paizo Publishing, LLC,</subfield>
			<subfield code="c">[2017]</subfield>
		</datafield>
		<datafield tag="300" ind1=" " ind2=" ">
			<subfield code="a">319 s. :</subfield>
			<subfield code="b">illustrations (colour) ;</subfield>
			<subfield code="c">22 cm</subfield>
		</datafield>
		<datafield tag="500" ind1=" " ind2=" ">
			<subfield code="a">Originally published: 2010.</subfield>
		</datafield>
		<datafield tag="500" ind1=" " ind2=" ">
			<subfield code="a">"Based on the original roleplaying game rules designed by Gary
				Gygax and Dave Arneson and inspired by the third edition of the game designed by
				Monte Cook, Jonathan Tweet, Skip Williams, Richard Baker, and Peter
				Adkison"-\-Title page verso.</subfield>
		</datafield>
		<datafield tag="500" ind1=" " ind2=" ">
			<subfield code="a">"A must-have companion volume to the Pathfinder RPG core
				rulebook"-\-Back cover.</subfield>
		</datafield>
		<datafield tag="504" ind1=" " ind2=" ">
			<subfield code="a">Includes bibliographical references, discography, filmography and
				indexes.</subfield>
		</datafield>
		<datafield tag="500" ind1=" " ind2=" ">
			<subfield code="a">Formerly CIP.</subfield>
			<subfield code="5">Uk</subfield>
		</datafield>
		<datafield tag="655" ind1=" " ind2="0">
			<subfield code="a">Spillhåndbok</subfield>
		</datafield>
		<datafield tag="655" ind1=" " ind2="0">
			<subfield code="a">Fantasy</subfield>
		</datafield>
		<datafield tag="700" ind1="1" ind2=" ">
			<subfield code="a">Aparin, Alexey,</subfield>
			<subfield code="e">illustrator.</subfield>
		</datafield>
		<datafield tag="700" ind1="1" ind2=" ">
			<subfield code="a">Bauer, Judy,</subfield>
			<subfield code="e">editor.</subfield>
		</datafield>
		<datafield tag="700" ind1="1" ind2=" ">
			<subfield code="a">Gygax, Gary</subfield>
		</datafield>
		<datafield tag="700" ind1="1" ind2=" ">
			<subfield code="a">Arneson, Dave,</subfield>
			<subfield code="d">1947-2009.</subfield>
		</datafield>
	</record>