
	<record>
		<leader>01499pam a2200361 i 4500</leader>
		<controlfield tag="001">018122128</controlfield>
		<controlfield tag="003">Uk</controlfield>
		<controlfield tag="005">20180319112826.0</controlfield>
		<controlfield tag="008">161121s2016 waua |0|1 0|eng </controlfield>
		<datafield tag="020" ind1=" " ind2=" ">
			<subfield code="a">9781601259066 :</subfield>
		</datafield>
		<datafield tag="042" ind1=" " ind2=" ">
			<subfield code="a">ukblsr</subfield>
		</datafield>
		<datafield tag="082" ind1="0" ind2="4">
			<subfield code="a">793.93</subfield>
			<subfield code="2">23</subfield>
		</datafield>
		<datafield tag="100" ind1="1" ind2=" ">
			<subfield code="a">Augunas, Alexander</subfield>
			<subfield code="1">http://viaf.org/viaf/76146937697413831025</subfield>
			<subfield code="4">aut</subfield>
		</datafield>
		<datafield tag="245" ind1="1" ind2="0">
			<subfield code="a">Villain codex /</subfield>
			<subfield code="c">lead designer, Jason Bulmahn ; designers, Logan Bonner [and three
				others] ; authors, Alexander Augunas [and fourteen others] ; interior artists,
				Rogier van de Beek [and thirty-four others].</subfield>
		</datafield>
		<datafield tag="264" ind1=" " ind2="1">
			<subfield code="a">Redmond, WA :</subfield>
			<subfield code="b">Paizo Inc.,</subfield>
			<subfield code="c">[2016]</subfield>
		</datafield>
		<datafield tag="300" ind1=" " ind2=" ">
			<subfield code="a">254 s. :</subfield>
			<subfield code="b">illustrations (colour) ;</subfield>
			<subfield code="c">29 cm.</subfield>
		</datafield>
		<datafield tag="490" ind1="0" ind2=" ">
			<subfield code="a">Pathfinder roleplaying game</subfield>
		</datafield>
		<datafield tag="500" ind1=" " ind2=" ">
			<subfield code="a">Includes indexes.</subfield>
		</datafield>
		<datafield tag="500" ind1=" " ind2=" ">
			<subfield code="a">"Based on the original roleplaying game rules designed by Gary
				Gygax and Dave Arneson and inspired by the third edition of the game designed by
				Monte Cook, Jonathan Tweet, Skip Williams, Richard Baker, and Peter
				Adkison"-\-Title page verso.</subfield>
		</datafield>
		<datafield tag="500" ind1=" " ind2=" ">
			<subfield code="a">Formerly CIP.</subfield>
			<subfield code="5">Uk</subfield>
		</datafield>
		<datafield tag="655" ind1=" " ind2="0">
			<subfield code="a">Spillhåndbok</subfield>
		</datafield>
		<datafield tag="655" ind1=" " ind2="0">
			<subfield code="a">Fantasy</subfield>
		</datafield>
		<datafield tag="700" ind1="1" ind2=" ">
			<subfield code="a">Bulmahn, Jason.</subfield>
		</datafield>
		<datafield tag="700" ind1="1" ind2=" ">
			<subfield code="a">Bonner, Logan.</subfield>
		</datafield>
		<datafield tag="700" ind1="1" ind2=" ">
			<subfield code="a">Gygax, Gary</subfield>
		</datafield>
		<datafield tag="700" ind1="1" ind2=" ">
			<subfield code="a">Arneson, Dave,</subfield>
			<subfield code="d">1947-2009.</subfield>
		</datafield>
		<datafield tag="700" ind1="1" ind2=" ">
			<subfield code="a">Cook, Monte.</subfield>
			<subfield code="t">Dungeons & dragons.</subfield>
			<subfield code="s">3rd edition.</subfield>
		</datafield>
	</record>