
	<record>
		<leader>02835nam a2200481 i 4500</leader>
		<controlfield tag="001">016656344</controlfield>
		<controlfield tag="003">Uk</controlfield>
		<controlfield tag="005">20150309105652.0</controlfield>
		<controlfield tag="008">140217s2013 waua |0|0 0|eng </controlfield>
		<datafield tag="020" ind1=" " ind2=" ">
			<subfield code="a">9780786964659 </subfield>
		</datafield>
		<datafield tag="042" ind1=" " ind2=" ">
			<subfield code="a">ukblsr</subfield>
		</datafield>
		<datafield tag="082" ind1="0" ind2="4">
			<subfield code="a">793.93</subfield>
			<subfield code="2">23</subfield>
		</datafield>
		<datafield tag="245" ind1="0" ind2="0">
			<subfield code="a">Dungeons & dragons.</subfield>
		</datafield>
		<datafield tag="246" ind1="1" ind2="3">
			<subfield code="a">Dungeons and dragons</subfield>
		</datafield>
		<datafield tag="246" ind1="1" ind2="3">
			<subfield code="a">Dungeons & dragons :</subfield>
			<subfield code="b">rules for fantastic medieval wargames : campaigns playable with paper
				and pencil and miniature figures</subfield>
		</datafield>
		<datafield tag="250" ind1=" " ind2=" ">
			<subfield code="a">[Deluxe, premium edition].</subfield>
		</datafield>
		<datafield tag="264" ind1=" " ind2="1">
			<subfield code="a">[Renton, WA] :</subfield>
			<subfield code="b">Wizards of the Coast LLC,</subfield>
			<subfield code="c">[2013]</subfield>
		</datafield>
		<datafield tag="300" ind1=" " ind2=" ">
			<subfield code="a">8 volume, 10 terning, 2 sheets :</subfield>
			<subfield code="b">illustrations (black and white, and colour) ;</subfield>
			<subfield code="c">box (28 x 24 x 10 cm)</subfield>
		</datafield>
		<datafield tag="500" ind1=" " ind2=" ">
			<subfield code="a">Title from container.</subfield>
		</datafield>
		<datafield tag="500" ind1=" " ind2=" ">
			<subfield code="a">Illustration attached within lid of case.</subfield>
		</datafield>
		<datafield tag="500" ind1=" " ind2=" ">
			<subfield code="a">Contains 8 volumes, 1 leaflet, 1 letter and 10 dice in an engraved
				illustrated wooden storage case.</subfield>
		</datafield>
		<datafield tag="500" ind1=" " ind2=" ">
			<subfield code="a">Includes letter from Mike Mearls dated February 2013.</subfield>
		</datafield>
		<datafield tag="500" ind1=" " ind2=" ">
			<subfield code="a">Originally published as a boxed set with three small rules booklets:
				Lake Geneva : TSR, 1974. Greyhawk originally published: Lake Geneva : TSR, 1975.
				Blackmoor originally published: Lake Geneva : TSR, 1975. Eldritch wizardry
				originally published: Lake Geneva : TSR, 1976. Gods, demi-gods & heroes
				originally published: Lake Geneva : TSR, 1976.</subfield>
		</datafield>
		<datafield tag="505" ind1="0" ind2=" ">
			<subfield code="a">Book I, Men & magic / by Gary Gygax & Dave Arneson ;
				illustrations by Keenan Powell [and five others] -\- Book II, Monsters & treasure
				/ by Gary Gygax & Dave Arneson -\- Book III, The underworld & wilderness
				adventures / by Gary Gygax & Dave Arneson -\- Book IV, Greyhawk / by Gary Gygax
				& Rob Kuntz ; illustrations by Greg Bell -\- Book V, Blackmoor / by Dave Arneson
				; illustrations by Dave Sutherland, Mike Bell, & Tracy Lesch ; edited by Tim
				Kask -\- Book VI, Eldritch wizardry / by Gary Gygax & Brian Blume ; illustrations
				by Dave Sutherland, Tracy Lesch & Gary Kwapisz -\- Book VII, Gods, demi-gods
				& heroes / by Rob Kuntz & James Ward -\- Reference sheets.</subfield>
		</datafield>
		<datafield tag="655" ind1=" " ind2="0">
			<subfield code="a">Spillhåndbok</subfield>
		</datafield>
		<datafield tag="655" ind1=" " ind2="0">
			<subfield code="a">Fantasy</subfield>
		</datafield>
		<datafield tag="700" ind1="1" ind2="2">
			<subfield code="a">Gygax, Gary</subfield>
			<subfield code="t">Men & magic.</subfield>
		</datafield>
		<datafield tag="700" ind1="1" ind2="2">
			<subfield code="a">Gygax, Gary</subfield>
			<subfield code="t">Monsters & treasure.</subfield>
		</datafield>
		<datafield tag="700" ind1="1" ind2="2">
			<subfield code="a">Gygax, Gary</subfield>
			<subfield code="t">Underworld & wilderness adventures.</subfield>
		</datafield>
		<datafield tag="700" ind1="1" ind2="2">
			<subfield code="a">Gygax, Gary</subfield>
			<subfield code="t">Greyhawk.</subfield>
		</datafield>
		<datafield tag="700" ind1="1" ind2="2">
			<subfield code="a">Arneson, Dave,</subfield>
			<subfield code="d">1947-2009.</subfield>
			<subfield code="t">Blackmoor.</subfield>
		</datafield>
		<datafield tag="700" ind1="1" ind2="2">
			<subfield code="a">Gygax, Gary</subfield>
			<subfield code="t">Eldritch wizardry.</subfield>
		</datafield>
		<datafield tag="700" ind1="1" ind2="2">
			<subfield code="a">Kuntz, Robert J.,</subfield>
			<subfield code="d">1955-</subfield>
			<subfield code="t">Gods, demi-gods & heroes.</subfield>
		</datafield>
	</record>