
	<record>
		<leader>01223aam a2200349 a 4500</leader>
		<controlfield tag="001">015284913</controlfield>
		<controlfield tag="003">Uk</controlfield>
		<controlfield tag="005">20091210115205.0</controlfield>
		<controlfield tag="008">090604s2009 waua 000 0 eng c</controlfield>
		<datafield tag="020" ind1=" " ind2=" ">
			<subfield code="a">9780786951017</subfield>
		</datafield>
		<datafield tag="035" ind1=" " ind2=" ">
			<subfield code="a">(UkOxU)UkOxUb16989522</subfield>
		</datafield>
		<datafield tag="042" ind1=" " ind2=" ">
			<subfield code="a">ukscp</subfield>
		</datafield>
		<datafield tag="082" ind1="0" ind2="4">
			<subfield code="a">793.93</subfield>
			<subfield code="2">22</subfield>
		</datafield>
		<datafield tag="100" ind1="1" ind2=" ">
			<subfield code="a">Heinsoo, Rob</subfield>
			<subfield code="1">http://viaf.org/viaf/80747161</subfield>
			<subfield code="4">aut</subfield>
		</datafield>
		<datafield tag="245" ind1="1" ind2="0">
			<subfield code="a">Monster manual 2 :</subfield>
			<subfield code="b">roleplaying game supplement /</subfield>
			<subfield code="c">Rob Heinsoo, Stephen Schubert.</subfield>
		</datafield>
		<datafield tag="246" ind1="3" ind2=" ">
			<subfield code="a">Monster manual two</subfield>
		</datafield>
		<datafield tag="260" ind1=" " ind2=" ">
			<subfield code="a">Renton, Wash. :</subfield>
			<subfield code="b">Wizards of the Coast ;</subfield>
			<subfield code="a">Newport Gwent :</subfield>
			<subfield code="b">Hasbro UK,</subfield>
			<subfield code="c">2009.</subfield>
		</datafield>
		<datafield tag="300" ind1=" " ind2=" ">
			<subfield code="a">223 s. :</subfield>
			<subfield code="b">col. ill. ;</subfield>
			<subfield code="c">29 cm.</subfield>
		</datafield>
		<datafield tag="500" ind1=" " ind2=" ">
			<subfield code="a">"Game rules based on the original Dungeons & dragons rules
				created by E. Gary Gygax and Dave Arneson" -\- T.p. verso.</subfield>
		</datafield>
		<datafield tag="500" ind1=" " ind2=" ">
			<subfield code="a">At head of title: Dungeons & dragons.</subfield>
		</datafield>
		<datafield tag="655" ind1=" " ind2="0">
			<subfield code="a">Spillhåndbok</subfield>
		</datafield>
		<datafield tag="655" ind1=" " ind2="0">
			<subfield code="a">Fantasy</subfield>
		</datafield>
		<datafield tag="700" ind1="1" ind2=" ">
			<subfield code="a">Schubert, Stephen.</subfield>
		</datafield>
		<datafield tag="700" ind1="1" ind2=" ">
			<subfield code="a">Gygax, Gary</subfield>
		</datafield>
		<datafield tag="700" ind1="1" ind2=" ">
			<subfield code="a">Arneson, Dave,</subfield>
			<subfield code="d">1947-2009.</subfield>
		</datafield>
		<datafield tag="730" ind1="0" ind2=" ">
			<subfield code="a">Dungeons & dragons.</subfield>
		</datafield>
	</record>