
	<record>
		<leader>01076pam a2200337 a 4500</leader>
		<controlfield tag="001">013731060</controlfield>
		<controlfield tag="003">Uk</controlfield>
		<controlfield tag="005">20080126090052.0</controlfield>
		<controlfield tag="008">070417r20071992wau 000 1 eng d</controlfield>
		<datafield tag="020" ind1=" " ind2=" ">
			<subfield code="a">9781601250421 :</subfield>
		</datafield>
		<datafield tag="042" ind1=" " ind2=" ">
			<subfield code="a">ukblcatcopy</subfield>
		</datafield>
		<datafield tag="082" ind1="0" ind2="4">
			<subfield code="a">813.54</subfield>
			<subfield code="2">22</subfield>
		</datafield>
		<datafield tag="100" ind1="1" ind2=" ">
			<subfield code="a">Gygax, Gary</subfield>
			<subfield code="d">1938- </subfield>
			<subfield code="q">(Ernest Gary)</subfield>
			<subfield code="1">http://viaf.org/viaf/15495536</subfield>
			<subfield code="4">aut</subfield>
		</datafield>
		<datafield tag="245" ind1="1" ind2="4">
			<subfield code="a">The Anubis murders /</subfield>
			<subfield code="c">by Gary Gygax; introduction by Erik Mona.</subfield>
		</datafield>
		<datafield tag="260" ind1=" " ind2=" ">
			<subfield code="a">Bellevue, Wash. :</subfield>
			<subfield code="b">Planet Stories ;</subfield>
			<subfield code="a">[London :</subfield>
			<subfield code="b">Diamond, distributor],</subfield>
			<subfield code="c">2007.</subfield>
		</datafield>
		<datafield tag="300" ind1=" " ind2=" ">
			<subfield code="a">207 s. ;</subfield>
			<subfield code="c">21 cm.</subfield>
		</datafield>
		<datafield tag="490" ind1="1" ind2=" ">
			<subfield code="a">Planet stories library</subfield>
		</datafield>
		<datafield tag="500" ind1=" " ind2=" ">
			<subfield code="a">Originally published: New York: Roc, 1992.</subfield>
		</datafield>
		<datafield tag="500" ind1=" " ind2=" ">
			<subfield code="a">Formerly CIP.</subfield>
			<subfield code="5">Uk</subfield>
		</datafield>
		<datafield tag="655" ind1=" " ind2="0">
			<subfield code="a">Spillhåndbok</subfield>
		</datafield>
		<datafield tag="655" ind1=" " ind2="0">
			<subfield code="a">Fantasy</subfield>
		</datafield>
	</record>