
	<record>
		<leader>00791 am a2200289ua 4500</leader>
		<controlfield tag="001">010707749</controlfield>
		<controlfield tag="005">20091122154600.0</controlfield>
		<controlfield tag="008">891018r19891987enk || 000 ||eng </controlfield>
		<datafield tag="020" ind1=" " ind2=" ">
			<subfield code="a">0586205233 </subfield>
		</datafield>
		<datafield tag="039" ind1="0" ind2=" ">
			<subfield code="a">2061</subfield>
		</datafield>
		<datafield tag="050" ind1="0" ind2="0">
			<subfield code="a">GV1202.F35</subfield>
		</datafield>
		<datafield tag="082" ind1="0" ind2="4">
			<subfield code="a">793/.9</subfield>
			<subfield code="2">19</subfield>
		</datafield>
		<datafield tag="100" ind1="1" ind2=" ">
			<subfield code="a">Gygax, Gary</subfield>
			<subfield code="d">1938- </subfield>
			<subfield code="q">(Ernest Gary)</subfield>
			<subfield code="1">http://viaf.org/viaf/15495536</subfield>
			<subfield code="4">aut</subfield>
		</datafield>
		<datafield tag="245" ind1="1" ind2="0">
			<subfield code="a">Role-playing mastery /</subfield>
			<subfield code="c">Gary Gygax.</subfield>
		</datafield>
		<datafield tag="260" ind1=" " ind2=" ">
			<subfield code="a">London :</subfield>
			<subfield code="b">Grafton,</subfield>
			<subfield code="c">1989, c1987.</subfield>
		</datafield>
		<datafield tag="300" ind1=" " ind2=" ">
			<subfield code="a">176p. ;</subfield>
			<subfield code="c">20cm.</subfield>
		</datafield>
		<datafield tag="500" ind1=" " ind2=" ">
			<subfield code="a">Originally published: New York : Perigee Books, 1987.</subfield>
		</datafield>
		<datafield tag="655" ind1=" " ind2="0">
			<subfield code="a">Spillhåndbok</subfield>
		</datafield>
		<datafield tag="655" ind1=" " ind2="0">
			<subfield code="a">Fantasy</subfield>
		</datafield>
	</record>