
	<record>
		<leader>00940 am a2200313ua 4500</leader>
		<controlfield tag="001">009424053</controlfield>
		<controlfield tag="005">20170311175700.0</controlfield>
		<controlfield tag="008">870415s1986 enkab j| 000 1|eng </controlfield>
		<datafield tag="020" ind1=" " ind2=" ">
			<subfield code="a">0552523437 </subfield>
		</datafield>
		<datafield tag="039" ind1="0" ind2=" ">
			<subfield code="a">1935</subfield>
		</datafield>
		<datafield tag="082" ind1="0" ind2="4">
			<subfield code="a">813/.54</subfield>
			<subfield code="2">19</subfield>
		</datafield>
		<datafield tag="100" ind1="1" ind2="0">
			<subfield code="a">Dille, Flint</subfield>
			<subfield code="1">http://viaf.org/viaf/46891126</subfield>
			<subfield code="4">aut</subfield>
		</datafield>
		<datafield tag="245" ind1="1" ind2="4">
			<subfield code="a">The fire demon /</subfield>
			<subfield code="c">by Flint Dille and Gary Gygax.</subfield>
		</datafield>
		<datafield tag="260" ind1=" " ind2=" ">
			<subfield code="a">[London] :</subfield>
			<subfield code="b">Corgi,</subfield>
			<subfield code="c">1986.</subfield>
		</datafield>
		<datafield tag="300" ind1=" " ind2=" ">
			<subfield code="a">1 v. (various pagings) :</subfield>
			<subfield code="b">ill., 1map ;</subfield>
			<subfield code="c">18cm.</subfield>
		</datafield>
		<datafield tag="490" ind1="1" ind2=" ">
			<subfield code="a">Hero's challenge</subfield>
		</datafield>
		<datafield tag="490" ind1="1" ind2=" ">
			<subfield code="a">Sagard the barbarian gamebook ;</subfield>
			<subfield code="v">no.4</subfield>
		</datafield>
		<datafield tag="655" ind1=" " ind2="0">
			<subfield code="a">Spillhåndbok</subfield>
		</datafield>
		<datafield tag="655" ind1=" " ind2="0">
			<subfield code="a">Fantasy</subfield>
		</datafield>
		<datafield tag="700" ind1="1" ind2=" ">
			<subfield code="a">Gygax, Gary</subfield>
		</datafield>
	</record>