
	<record>
		<leader>00947 am a2200313ua 4500</leader>
		<controlfield tag="001">009424033</controlfield>
		<controlfield tag="005">20091217005500.0</controlfield>
		<controlfield tag="008">861215s1986 enkab j| 000 1|eng </controlfield>
		<datafield tag="020" ind1=" " ind2=" ">
			<subfield code="a">0552523186 </subfield>
		</datafield>
		<datafield tag="039" ind1="0" ind2=" ">
			<subfield code="a">1920</subfield>
		</datafield>
		<datafield tag="082" ind1="0" ind2="4">
			<subfield code="a">813/.54</subfield>
			<subfield code="2">19</subfield>
		</datafield>
		<datafield tag="100" ind1="1" ind2=" ">
			<subfield code="a">Gygax, Gary</subfield>
			<subfield code="d">1938- </subfield>
			<subfield code="q">(Ernest Gary)</subfield>
			<subfield code="1">http://viaf.org/viaf/15495536</subfield>
			<subfield code="4">aut</subfield>
		</datafield>
		<datafield tag="245" ind1="1" ind2="4">
			<subfield code="a">The ice dragon /</subfield>
			<subfield code="c">by Gary Gyrax and Flint Dille.</subfield>
		</datafield>
		<datafield tag="260" ind1=" " ind2=" ">
			<subfield code="a">[London] :</subfield>
			<subfield code="b">Corgi,</subfield>
			<subfield code="c">1986, c1985.</subfield>
		</datafield>
		<datafield tag="300" ind1=" " ind2=" ">
			<subfield code="a">1 v. (Various pagings) :</subfield>
			<subfield code="b">ill., 1map ;</subfield>
			<subfield code="c">18cm.</subfield>
		</datafield>
		<datafield tag="490" ind1="1" ind2=" ">
			<subfield code="a">Hero's challenge</subfield>
		</datafield>
		<datafield tag="490" ind1="1" ind2=" ">
			<subfield code="a">Sagard the Barbarian gamebook ;</subfield>
			<subfield code="v">no.1</subfield>
		</datafield>
		<datafield tag="655" ind1=" " ind2="0">
			<subfield code="a">Spillhåndbok</subfield>
		</datafield>
		<datafield tag="655" ind1=" " ind2="0">
			<subfield code="a">Fantasy</subfield>
		</datafield>
		<datafield tag="700" ind1="1" ind2=" ">
			<subfield code="a">Dille, Flint</subfield>
		</datafield>
	</record>