
	<record>
		<leader>01394pam a22004091i 4500</leader>
		<controlfield tag="001">019161066</controlfield>
		<controlfield tag="003">Uk</controlfield>
		<controlfield tag="005">20181213022210.0</controlfield>
		<controlfield tag="006">m || d | </controlfield>
		<controlfield tag="007">cr |||||||||||</controlfield>
		<controlfield tag="008">181127s2018 enk jo 000|f|eng|d</controlfield>
		<datafield tag="020" ind1=" " ind2=" ">
			<subfield code="a">9780241399446 </subfield>
		</datafield>
		<datafield tag="037" ind1=" " ind2=" ">
			<subfield code="a">PenguinGroup467540</subfield>
			<subfield code="b">Ingram Content Group</subfield>
		</datafield>
		<datafield tag="042" ind1=" " ind2=" ">
			<subfield code="a">ukblsr</subfield>
		</datafield>
		<datafield tag="082" ind1="0" ind2="4">
			<subfield code="a">813.6</subfield>
			<subfield code="2">23</subfield>
		</datafield>
		<datafield tag="100" ind1="1" ind2=" ">
			<subfield code="a">Riordan, Rick</subfield>
			<subfield code="d">1964-</subfield>
			<subfield code="q">(Richard Russell)</subfield>
			<subfield code="1">http://viaf.org/viaf/60214017</subfield>
			<subfield code="4">aut</subfield>
		</datafield>
		<datafield tag="240" ind1="1" ind2="0">
			<subfield code="a">Novels.</subfield>
			<subfield code="k">Selections</subfield>
		</datafield>
		<datafield tag="245" ind1="1" ind2="0">
			<subfield code="a">Heroes of Olympus :</subfield>
			<subfield code="b">the complete series /</subfield>
			<subfield code="c">Rick Riordan.</subfield>
		</datafield>
		<datafield tag="264" ind1=" " ind2="1">
			<subfield code="a">London :</subfield>
			<subfield code="b">Puffin,</subfield>
			<subfield code="c">2018.</subfield>
		</datafield>
		<datafield tag="300" ind1=" " ind2=" ">
			<subfield code="a">1 online resource.</subfield>
		</datafield>
		<datafield tag="588" ind1=" " ind2=" ">
			<subfield code="a">Description based on CIP data; resource not viewed.</subfield>
		</datafield>
		<datafield tag="505" ind1="0" ind2=" ">
			<subfield code="a">Lost hero -\- Son of Neptune -\- Mark of Athena -\- House of Hades -\-
				Blood of Olympus.</subfield>
		</datafield>
		<datafield tag="655" ind1=" " ind2="0">
			<subfield code="a">Fantasy</subfield>
		</datafield>
		<datafield tag="655" ind1=" " ind2="0">
			<subfield code="a">Ungdomslitteratur</subfield>
		</datafield>
		<datafield tag="653" ind1=" " ind2="0">
			<subfield code="a">Mytologi, Gresk</subfield>
		</datafield>
		<datafield tag="700" ind1="1" ind2="2">
			<subfield code="a">Riordan, Rick</subfield>
			<subfield code="t">Lost hero.</subfield>
		</datafield>
		<datafield tag="700" ind1="1" ind2="2">
			<subfield code="a">Riordan, Rick</subfield>
			<subfield code="t">Son of Neptune.</subfield>
		</datafield>
		<datafield tag="700" ind1="1" ind2="2">
			<subfield code="a">Riordan, Rick</subfield>
			<subfield code="t">Mark of Athena.</subfield>
		</datafield>
		<datafield tag="700" ind1="1" ind2="2">
			<subfield code="a">Riordan, Rick</subfield>
			<subfield code="t">House of Hades.</subfield>
		</datafield>
		<datafield tag="700" ind1="1" ind2="2">
			<subfield code="a">Riordan, Rick</subfield>
			<subfield code="t">Blood of Olympus.</subfield>
		</datafield>
	</record>