
	<record>
		<leader>01922aam a22005411a 4500</leader>
		<controlfield tag="001">018530199</controlfield>
		<controlfield tag="003">Uk</controlfield>
		<controlfield tag="005">20170924024038.0</controlfield>
		<controlfield tag="006">m || d | </controlfield>
		<controlfield tag="007">cr |||||||||||</controlfield>
		<controlfield tag="008">110420s2008 vra do 000 1 eng d</controlfield>
		<datafield tag="020" ind1=" " ind2=" ">
			<subfield code="a">9780141926902</subfield>
		</datafield>
		<datafield tag="037" ind1=" " ind2=" ">
			<subfield code="a">PenguinGroup194706</subfield>
			<subfield code="b">Ingram Content Group</subfield>
		</datafield>
		<datafield tag="042" ind1=" " ind2=" ">
			<subfield code="a">ukblsr</subfield>
		</datafield>
		<datafield tag="050" ind1=" " ind2="4">
			<subfield code="a">PS3568.I5866</subfield>
			<subfield code="b">P47 2008eb</subfield>
		</datafield>
		<datafield tag="082" ind1="0" ind2="4">
			<subfield code="a">813.6</subfield>
			<subfield code="2">22</subfield>
		</datafield>
		<datafield tag="100" ind1="1" ind2=" ">
			<subfield code="a">Riordan, Rick</subfield>
			<subfield code="d">1964-</subfield>
			<subfield code="q">(Richard Russell)</subfield>
			<subfield code="1">http://viaf.org/viaf/60214017</subfield>
			<subfield code="4">aut</subfield>
		</datafield>
		<datafield tag="240" ind1="1" ind2="0">
			<subfield code="a">Sea of monsters</subfield>
		</datafield>
		<datafield tag="245" ind1="1" ind2="0">
			<subfield code="a">Percy Jackson and the sea of monsters /</subfield>
			<subfield code="c">Rick Riordan.</subfield>
		</datafield>
		<datafield tag="246" ind1="3" ind2="0">
			<subfield code="a">Sea of monsters</subfield>
		</datafield>
		<datafield tag="260" ind1=" " ind2=" ">
			<subfield code="a">Camberwell, Vic. :</subfield>
			<subfield code="b">Puffin,</subfield>
			<subfield code="c">2008.</subfield>
		</datafield>
		<datafield tag="300" ind1=" " ind2=" ">
			<subfield code="a">1 online resource.</subfield>
		</datafield>
		<datafield tag="336" ind1=" " ind2=" ">
			<subfield code="a">text</subfield>
			<subfield code="b">txt</subfield>
			<subfield code="2">rdacontent</subfield>
			<subfield code="0">http://rdaregistry.info/termList/RDAContentType/1020</subfield>
		</datafield>
		<datafield tag="337" ind1=" " ind2=" ">
			<subfield code="a">computer</subfield>
			<subfield code="b">com</subfield>
			<subfield code="2">rdamedia</subfield>
			<subfield code="0">http://rdaregistry.info/termList/RDAMediaType/1003</subfield>
		</datafield>
		<datafield tag="338" ind1=" " ind2=" ">
			<subfield code="a">online resource</subfield>
			<subfield code="b">or</subfield>
			<subfield code="2">rdacarrier</subfield>
			<subfield code="0">http://rdaregistry.info/termList/RDACarrierType/1018</subfield>
		</datafield>
		<datafield tag="490" ind1="1" ind2=" ">
			<subfield code="a">Percy Jackson and the Olympians ;</subfield>
			<subfield code="v">2</subfield>
		</datafield>
		<datafield tag="600" ind1="1" ind2="0">
			<subfield code="a">Jackson, Percy</subfield>
			<subfield code="c">(Fiktiv Karakter)</subfield>
		</datafield>
		<datafield tag="655" ind1=" " ind2="0">
			<subfield code="a">Fantasy</subfield>
		</datafield>
		<datafield tag="655" ind1=" " ind2="0">
			<subfield code="a">Ungdomslitteratur</subfield>
		</datafield>
		<datafield tag="653" ind1=" " ind2="0">
			<subfield code="a">Mytologi, Gresk</subfield>
		</datafield>
		<datafield tag="653" ind1=" " ind2="0">
			<subfield code="a">Monstre</subfield>
		</datafield>
		<datafield tag="653" ind1=" " ind2="0">
			<subfield code="a">Uhyrer</subfield>
		</datafield>
	</record>