
	<record>
		<leader>01993aam a22005771i 4500</leader>
		<controlfield tag="001">018510917</controlfield>
		<controlfield tag="003">Uk</controlfield>
		<controlfield tag="005">20170914021749.0</controlfield>
		<controlfield tag="006">m || d | </controlfield>
		<controlfield tag="007">cr |||||||||||</controlfield>
		<controlfield tag="008">170502s2016 enk jo 000 1 eng d</controlfield>
		<datafield tag="020" ind1=" " ind2=" ">
			<subfield code="a">9780141342573</subfield>
		</datafield>
		<datafield tag="037" ind1=" " ind2=" ">
			<subfield code="a">PenguinGroup282962</subfield>
			<subfield code="b">Ingram Content Group</subfield>
		</datafield>
		<datafield tag="042" ind1=" " ind2=" ">
			<subfield code="a">ukblsr</subfield>
		</datafield>
		<datafield tag="050" ind1=" " ind2="4">
			<subfield code="a">PZ7.R4829</subfield>
		</datafield>
		<datafield tag="082" ind1="0" ind2="4">
			<subfield code="a">813.6</subfield>
			<subfield code="2">23</subfield>
		</datafield>
		<datafield tag="100" ind1="1" ind2=" ">
			<subfield code="a">Riordan, Rick</subfield>
			<subfield code="d">1964- </subfield>
			<subfield code="q">(Richard Russell)</subfield>
			<subfield code="1">http://viaf.org/viaf/60214017</subfield>
			<subfield code="4">aut</subfield>
		</datafield>
		<datafield tag="245" ind1="1" ind2="0">
			<subfield code="a">Magnus Chase and the hammer of Thor /</subfield>
			<subfield code="c">Rick Riordan.</subfield>
		</datafield>
		<datafield tag="264" ind1=" " ind2="1">
			<subfield code="a">[London] :</subfield>
			<subfield code="b">Puffin Books,</subfield>
			<subfield code="c">2016.</subfield>
		</datafield>
		<datafield tag="300" ind1=" " ind2=" ">
			<subfield code="a">1 online resource.</subfield>
		</datafield>
		<datafield tag="336" ind1=" " ind2=" ">
			<subfield code="a">text</subfield>
			<subfield code="b">txt</subfield>
			<subfield code="2">rdacontent</subfield>
			<subfield code="0">http://rdaregistry.info/termList/RDAContentType/1020</subfield>
		</datafield>
		<datafield tag="337" ind1=" " ind2=" ">
			<subfield code="a">computer</subfield>
			<subfield code="b">com</subfield>
			<subfield code="2">rdamedia</subfield>
			<subfield code="0">http://rdaregistry.info/termList/RDAMediaType/1003</subfield>
		</datafield>
		<datafield tag="338" ind1=" " ind2=" ">
			<subfield code="a">online resource</subfield>
			<subfield code="b">or</subfield>
			<subfield code="2">rdacarrier</subfield>
			<subfield code="0">http://rdaregistry.info/termList/RDACarrierType/1018</subfield>
		</datafield>
		<datafield tag="490" ind1="1" ind2=" ">
			<subfield code="a">The Magnus Chase series</subfield>
		</datafield>
		<datafield tag="588" ind1="0" ind2=" ">
			<subfield code="a">Print version record.</subfield>
		</datafield>
		<datafield tag="655" ind1=" " ind2="0">
			<subfield code="a">Fantasy</subfield>
		</datafield>
		<datafield tag="655" ind1=" " ind2="0">
			<subfield code="a">Ungdomslitteratur</subfield>
		</datafield>
		<datafield tag="653" ind1=" " ind2="0">
			<subfield code="a">Monstre</subfield>
		</datafield>
		<datafield tag="653" ind1=" " ind2="0">
			<subfield code="a">Uhyrer</subfield>
		</datafield>
	</record>