
	<record>
		<leader>00802ncm a22002533 4500</leader>
		<controlfield tag="001">015012102</controlfield>
		<controlfield tag="003">Uk</controlfield>
		<controlfield tag="005">20150917214300.0</controlfield>
		<controlfield tag="008">071118r19921971||||||| || ||und </controlfield>
		<datafield tag="028" ind1="3" ind2="2">
			<subfield code="a">07041506</subfield>
		</datafield>
		<datafield tag="082" ind1="1" ind2="4">
			<subfield code="a">780</subfield>
			<subfield code="2">15</subfield>
		</datafield>
		<datafield tag="100" ind1="1" ind2=" ">
			<subfield code="a">McCabe, John</subfield>
			<subfield code="d">1939-2015.</subfield>
			<subfield code="1">http://viaf.org/viaf/76395606</subfield>
			<subfield code="4">aut</subfield>
		</datafield>
		<datafield tag="245" ind1="1" ind2="4">
			<subfield code="a">The lion, the witch and the wardrobe :</subfield>
			<subfield code="b">an opera /</subfield>
			<subfield code="c">libretto by Gerald Larner (based on the book by C. S.
				Lewis).</subfield>
		</datafield>
		<datafield tag="260" ind1=" " ind2=" ">
			<subfield code="a">[S.l.] :</subfield>
			<subfield code="b">Novello and Co.,</subfield>
			<subfield code="c">1971.</subfield>
		</datafield>
		<datafield tag="300" ind1=" " ind2=" ">
			<subfield code="a">Vocal score. (Facsim)</subfield>
		</datafield>
		<datafield tag="336" ind1=" " ind2=" ">
			<subfield code="a">Performed music</subfield>
			<subfield code="b">pfm</subfield>
			<subfield code="2">rdacontent</subfield>
			<subfield code="0">http://www.rdaregistry.info/termList/RDAContentType/#1011</subfield>
		</datafield>
		<datafield tag="337" ind1=" " ind2=" ">
			<subfield code="a">audio</subfield>
			<subfield code="b">a</subfield>
			<subfield code="2">rdamedia</subfield>
			<subfield code="0">http://rdaregistry.info/termList/RDAMediaType/1001</subfield>
		</datafield>
		<datafield tag="338" ind1=" " ind2=" ">
			<subfield code="a">audio disc</subfield>
			<subfield code="b">ad</subfield>
			<subfield code="2">rdacarrier</subfield>
			<subfield code="0">http://rdaregistry.info/termList/RDACarrierType/1004</subfield>
		</datafield>
		<datafield tag="500" ind1=" " ind2=" ">
			<subfield code="a">Repr 1992 07 0415.</subfield>
		</datafield>
		<datafield tag="700" ind1="1" ind2=" ">
			<subfield code="a">Larner, Gerald</subfield>
			<subfield code="1">http://viaf.org/viaf/91625161</subfield>
			<subfield code="e">fremført</subfield>
			<subfield code="4">nrt</subfield>
			
		</datafield>
		<datafield tag="700" ind1="1" ind2=" ">
			<subfield code="a">Lewis, C. S.</subfield>
			<subfield code="q">(Clive Staples),</subfield>
			<subfield code="d">1898-1963.</subfield>
			<subfield code="1">http://viaf.org/viaf/22144877</subfield>
		</datafield>
	</record>