
	<record>
		<leader>01132pam a2200337 i 4500</leader>
		<controlfield tag="001">016774916</controlfield>
		<controlfield tag="003">Uk</controlfield>
		<controlfield tag="005">20190124171846.0</controlfield>
		<controlfield tag="008">140515r20141997enkb j 000 1 eng|d</controlfield>
		<datafield tag="020" ind1=" " ind2=" ">
			<subfield code="a">9781408855898 :</subfield>
		</datafield>
		<datafield tag="042" ind1=" " ind2=" ">
			<subfield code="a">ukblcatcopy</subfield>
		</datafield>
		<datafield tag="082" ind1="0" ind2="4">
			<subfield code="a">823.914</subfield>
			<subfield code="2">23</subfield>
		</datafield>
		<datafield tag="100" ind1="1" ind2=" ">
			<subfield code="a">Rowling, J. K.</subfield>
			<subfield code="d">1965-</subfield>
			<subfield code="q">(Joanne)</subfield>
			<subfield code="1">http://viaf.org/viaf/116796842</subfield>
			<subfield code="4">aut</subfield>
		</datafield>
		<datafield tag="240" ind1="1" ind2="0">
			<subfield code="a">Harry Potter and the philosopher's stone.</subfield>
			<subfield code="1">https://viaf.org/viaf/184602629</subfield>
		</datafield>
		<datafield tag="264" ind1=" " ind2="1">
			<subfield code="a">London :</subfield>
			<subfield code="b">Bloomsbury,</subfield>
			<subfield code="c">2014.</subfield>
		</datafield>
		<datafield tag="300" ind1=" " ind2=" ">
			<subfield code="a">331 s. :</subfield>
			<subfield code="b">1 map ;</subfield>
			<subfield code="c">21 cm</subfield>
		</datafield>
		<datafield tag="336" ind1=" " ind2=" ">
			<subfield code="a">text</subfield>
			<subfield code="b">txt</subfield>
			<subfield code="2">rdacontent</subfield>
			<subfield code="0">http://rdaregistry.info/termList/RDAContentType/1020</subfield>
		</datafield>
		<datafield tag="337" ind1=" " ind2=" ">
			<subfield code="a">unmediated</subfield>
			<subfield code="b">umd</subfield>
			<subfield code="2">rdamedia</subfield>
			<subfield code="0">http://rdaregistry.info/termList/RDAMediaType/1007</subfield>
		</datafield>
		<datafield tag="338" ind1=" " ind2=" ">
			<subfield code="a">volume</subfield>
			<subfield code="b">vol</subfield>
			<subfield code="2">rdacarrier</subfield>
			<subfield code="0">http://rdaregistry.info/termList/RDACarrierType/1049</subfield>
		</datafield>
		<datafield tag="500" ind1=" " ind2=" ">
			<subfield code="a">Originally published: 1997.</subfield>
		</datafield>
		<datafield tag="500" ind1=" " ind2=" ">
			<subfield code="a">Formerly CIP.</subfield>
			<subfield code="5">Uk</subfield>
		</datafield>
		<datafield tag="600" ind1="1" ind2="0">
			<subfield code="a">Potter, Harry</subfield>
			<subfield code="c">(Fiktiv karakter)</subfield>
		</datafield>
		<datafield tag="600" ind1=" " ind2="0">
			<subfield code="a">Galtvort</subfield>
			<subfield code="c">(Fiktivt sted)</subfield>
		</datafield>
		<datafield tag="653" ind1=" " ind2="0">
			<subfield code="a">Trollmenn </subfield>
		</datafield>
		<datafield tag="653" ind1=" " ind2="0">
			<subfield code="a">Hekser</subfield>
		</datafield>
		<datafield tag="655" ind1=" " ind2="0">
			<subfield code="a">Fantasy</subfield>
		</datafield>
	</record>