
	<record>
		<leader>00594nam a22001690 450 </leader>
		<controlfield tag="001">22563459</controlfield>
		<controlfield tag="005">20010128224732.0</controlfield>
		<controlfield tag="008">000000s1999 dk 00| f dan d</controlfield>
		<datafield tag="020" ind1=" " ind2=" ">
			<subfield code="a">8700641634</subfield>
		</datafield>
		<datafield tag="084" ind1=" " ind2=" ">
			<subfield code="a">86:096</subfield>
			<subfield code="2">z</subfield>
		</datafield>
		<datafield tag="100" ind1="1" ind2=" ">
			<subfield code="a">Reuter, Bjarne</subfield>
			<subfield code="d">1950- </subfield>
			<subfield code="1">http://viaf.org/viaf/85802227</subfield>
			<subfield code="4">aut</subfield>
		</datafield>
		<datafield tag="240" ind1="1" ind2="0">
			<subfield code="a">Peter Pan /</subfield>
			<subfield code="1">http://viaf.org/viaf/313683990</subfield>
		</datafield>
		<datafield tag="245" ind1="1" ind2="0">
			<subfield code="a">Peter Pan /</subfield>
			<subfield code="c">Bjarne Reuter ; frit efter J.M. Barrie ; med tegninger af Johannes
				Bojesen.</subfield>
		</datafield>
		<datafield tag="250" ind1=" " ind2=" ">
			<subfield code="a">1. bogklubudgave, 1. oplag.</subfield>
		</datafield>
		<datafield tag="260" ind1=" " ind2=" ">
			<subfield code="a">[Kbh.] :</subfield>
			<subfield code="b">Gyldendals Bogklubber,</subfield>
			<subfield code="c">1999.</subfield>
		</datafield>
		<datafield tag="300" ind1=" " ind2=" ">
			<subfield code="a">135 s. :</subfield>
			<subfield code="b">ill. i farver.</subfield>
		</datafield>
		<datafield tag="336" ind1=" " ind2=" ">
			<subfield code="a">still image</subfield>
			<subfield code="b">si</subfield>
			<subfield code="2">rdacontent</subfield>
			<subfield code="0">http://rdaregistry.info/termList/RDAContentType/1014</subfield>
		</datafield>
		<datafield tag="337" ind1=" " ind2=" ">
			<subfield code="a">unmediated</subfield>
			<subfield code="b">umd</subfield>
			<subfield code="2">rdamedia</subfield>
			<subfield code="0">http://rdaregistry.info/termList/RDAMediaType/1007</subfield>
		</datafield>
		<datafield tag="338" ind1=" " ind2=" ">
			<subfield code="a">volume</subfield>
			<subfield code="b">vol</subfield>
			<subfield code="2">rdacarrier</subfield>
			<subfield code="0">http://rdaregistry.info/termList/RDACarrierType/1049</subfield>
		</datafield>
		<datafield tag="500" ind1=" " ind2=" ">
			<subfield code="a">Bearbejdet efter: J.M. Barrie: Peter and Wendy.</subfield>
		</datafield>
		<datafield tag="600" ind1=" " ind2="4">
			<subfield code="a">Peter</subfield>
			<subfield code="c">(Fiktiv karakter)</subfield>
		</datafield>
		<datafield tag="655" ind1=" " ind2="4">
			<subfield code="a">Fantasy</subfield>
		</datafield>
		<datafield tag="700" ind1="1" ind2=" ">
			<subfield code="a">Barrie, J. M.</subfield>
			<subfield code="d">1860-1937</subfield>
			<subfield code="q">(James Matthew)</subfield>
			<subfield code="t">Peter Pan and Wendy</subfield>
			<subfield code="1">http://viaf.org/viaf/184233271</subfield>
			<subfield code="i">Basert på</subfield>
			<subfield code="4">http://rdaregistry.info/Elements/w/P10155</subfield>
		</datafield>
		<datafield tag="700" ind1="1" ind2=" ">
			<subfield code="a">Bojesen, Johannes</subfield>
			<subfield code="1">http://viaf.org/viaf/307222368</subfield>
			<subfield code="e">Illustratør</subfield>
			<subfield code="4">ill</subfield>
		</datafield>
		
	</record>