
	<record>
		<leader>00490cam a22001574 450 </leader>
		<controlfield tag="001">1210874</controlfield>
		<controlfield tag="005">201609122155000000.0</controlfield>
		<controlfield tag="008">000000s1960 xx 00| u eng d</controlfield>
		<datafield tag="084" ind1=" " ind2=" ">
			<subfield code="a">83</subfield>
			<subfield code="2">z</subfield>
		</datafield>
		<datafield tag="240" ind1="0" ind2="4">
			<subfield code="a">The young visiters or Mr Salteenas plan /</subfield>
		</datafield>
		<datafield tag="245" ind1="0" ind2="4">
			<subfield code="a">The young visiters or Mr Salteenas plan /</subfield>
			<subfield code="c">With a preface by J. M. Barrie, Ill. by Heather Corlass.</subfield>
		</datafield>
		<datafield tag="250" ind1=" " ind2=" ">
			<subfield code="a">(19. impr. repr.).</subfield>
		</datafield>
		<datafield tag="260" ind1=" " ind2=" ">
			<subfield code="a">London :</subfield>
			<subfield code="b">Chatto &amp; Windus,</subfield>
			<subfield code="c">(1960).</subfield>
		</datafield>
		<datafield tag="300" ind1=" " ind2=" ">
			<subfield code="a">64 s. 1 tvl. :</subfield>
			<subfield code="b">ill.</subfield>
		</datafield>
		<datafield tag="336" ind1=" " ind2=" ">
			<subfield code="a">text</subfield>
			<subfield code="b">txt</subfield>
			<subfield code="2">rdacontent</subfield>
			<subfield code="0">http://rdaregistry.info/termList/RDAContentType/1020</subfield>
		</datafield>
		<datafield tag="337" ind1=" " ind2=" ">
			<subfield code="a">unmediated</subfield>
			<subfield code="b">umd</subfield>
			<subfield code="2">rdamedia</subfield>
			<subfield code="0">http://rdaregistry.info/termList/RDAMediaType/1007</subfield>
		</datafield>
		<datafield tag="338" ind1=" " ind2=" ">
			<subfield code="a">volume</subfield>
			<subfield code="b">vol</subfield>
			<subfield code="2">rdacarrier</subfield>
			<subfield code="0">http://rdaregistry.info/termList/RDACarrierType/1049</subfield>
		</datafield>
		<datafield tag="655" ind1=" " ind2="4">
			<subfield code="a">Fantasy</subfield>
		</datafield>
		<datafield tag="700" ind1="1" ind2=" ">
			<subfield code="a">Ashford, Daisy.</subfield>
			<subfield code="1"> http://viaf.org/viaf/4960997</subfield>
			<subfield code="e">Forfatter</subfield>
			<subfield code="4">aut</subfield>
		</datafield>
		<datafield tag="700" ind1="1" ind2=" ">
			<subfield code="a">Barrie, J. M.</subfield>
			<subfield code="d">1860-1937</subfield>
			<subfield code="q">(James Matthew)</subfield>
			<subfield code="1">http://viaf.org/viaf/64001320</subfield>
		</datafield>
		<datafield tag="700" ind1="1" ind2=" ">
			<subfield code="a">Corlass, Heather.</subfield>
			<subfield code="1">http://viaf.org/viaf/3336661</subfield>
			<subfield code="e">Illustratør</subfield>
			<subfield code="4">ill</subfield>
		</datafield>
	</record>