
	<record>
		<leader>01019nam a22001690 450 </leader>
		<controlfield tag="001">06056814</controlfield>
		<controlfield tag="005">20010128224732.0</controlfield>
		<controlfield tag="008">000000s1984 dk 00| f dan d</controlfield>
		<datafield tag="020" ind1=" " ind2=" ">
			<subfield code="a">8787813157 </subfield>
		</datafield>
		<datafield tag="041" ind1="1" ind2=" ">
			<subfield code="a">dan</subfield>
			<subfield code="h">eng</subfield>
			<subfield code="h">rus</subfield>
		</datafield>
		<datafield tag="084" ind1=" " ind2=" ">
			<subfield code="a">88:246</subfield>
			<subfield code="2">z</subfield>
		</datafield>
		<datafield tag="084" ind1=" " ind2=" ">
			<subfield code="a">88.02</subfield>
			<subfield code="2">z</subfield>
		</datafield>
		<datafield tag="245" ind1="0" ind2="0">
			<subfield code="a">Faseskift :</subfield>
			<subfield code="b">science fiction noveller : et udvalg /</subfield>
			<subfield code="c">redigeret af Palle Juul Holm.</subfield>
		</datafield>
		<datafield tag="260" ind1=" " ind2=" ">
			<subfield code="a">[Kbh.] :</subfield>
			<subfield code="b">Dansklærforeningen,</subfield>
			<subfield code="c">1984.</subfield>
		</datafield>
		<datafield tag="300" ind1=" " ind2=" ">
			<subfield code="a">288 s. ;</subfield>
			<subfield code="c">20 cm.</subfield>
		</datafield>
		<datafield tag="336" ind1=" " ind2=" ">
			<subfield code="a">text</subfield>
			<subfield code="b">txt</subfield>
			<subfield code="2">rdacontent</subfield>
			<subfield code="0">http://rdaregistry.info/termList/RDAContentType/1020</subfield>
		</datafield>
		<datafield tag="337" ind1=" " ind2=" ">
			<subfield code="a">unmediated</subfield>
			<subfield code="b">umd</subfield>
			<subfield code="2">rdamedia</subfield>
			<subfield code="0">http://rdaregistry.info/termList/RDAMediaType/1007</subfield>
		</datafield>
		<datafield tag="338" ind1=" " ind2=" ">
			<subfield code="a">volume</subfield>
			<subfield code="b">vol</subfield>
			<subfield code="2">rdacarrier</subfield>
			<subfield code="0">http://rdaregistry.info/termList/RDACarrierType/1049</subfield>
		</datafield>
		<datafield tag="505" ind1="0" ind2=" ">
			<subfield code="a">Indhold: Ilja Varsjavski: Flugten -- Ursula K. LeGuin: Dagen fr̜
				revolutionen -- Robert Heinlein: Requiem -- Philip Jose Farmer: ... Mor -- Philip K.
				Dick: Fastfrosset i rejsen -- Kate Wilhelm: Planethistorie -- Keith Roberts:
				Trofaste Tr ̆-- Damon Knight: Jeg ser dig -- Edward Bryant: Faseskift -- Mary
				Shelley: Frankenstein (uddrag). Lester Del Rey: Helene O'Loy -- Merete Kruuse:
				Computerfejl -- Alfred Bester: Adam og ingen Eva -- Georg R.R. Martin: ... For en
				enkelt dag i gr̄ -- Dave Skal: Md̜rene, md̜rene ....</subfield>
		</datafield>
		<datafield tag="700" ind1="1" ind2=" ">
			<subfield code="a">Juul Holm, Palle.</subfield>
			<subfield code="1">http://viaf.org/viaf/307247433</subfield>
			<subfield code="e">Redaktør</subfield>
			<subfield code="4">edt</subfield>
		</datafield>
		<datafield tag="700" ind1="1" ind2=" ">
			<subfield code="a">Martin, George R. R.</subfield>
			<subfield code="d">1948-</subfield>
			<subfield code="q">(George Raymond Richard)</subfield>
			<subfield code="1">http://viaf.org/viaf/98636170</subfield>
			<subfield code="e">Forfatter</subfield>
			<subfield code="4">aut</subfield>
		</datafield>
	</record>