
	<record>
		<leader>01009nam a22002170 450 </leader>
		<controlfield tag="001">05301610</controlfield>
		<controlfield tag="005">20010128224732.0</controlfield>
		<controlfield tag="008">000000s1978 dk 00| j dan d</controlfield>
		<datafield tag="020" ind1=" " ind2=" ">
			<subfield code="a">8774901575 </subfield>
		</datafield>
		<datafield tag="041" ind1="1" ind2=" ">
			<subfield code="a">dan</subfield>
			<subfield code="h">eng</subfield>
		</datafield>
		<datafield tag="084" ind1=" " ind2=" ">
			<subfield code="a">83.8:24</subfield>
			<subfield code="2">z</subfield>
		</datafield>
		<datafield tag="084" ind1=" " ind2=" ">
			<subfield code="a">83:24</subfield>
			<subfield code="2">z</subfield>
		</datafield>
		<datafield tag="084" ind1=" " ind2=" ">
			<subfield code="a">83.821</subfield>
			<subfield code="2">z</subfield>
		</datafield>
		<datafield tag="084" ind1=" " ind2=" ">
			<subfield code="a">83.21</subfield>
			<subfield code="2">z</subfield>
		</datafield>
		<datafield tag="245" ind1="0" ind2="3">
			<subfield code="a">En anden ensomhed /</subfield>
			<subfield code="c">[udvalget er foretaget af ...: Palle Juul Holm ... et
				al.].</subfield>
		</datafield>
		<datafield tag="260" ind1=" " ind2=" ">
			<subfield code="a">[Kbh.] :</subfield>
			<subfield code="b">Science fiction biblioteket :</subfield>
			<subfield code="b">i kommission hos forlaget Notabene :</subfield>
			<subfield code="b">[eksp. DBK],</subfield>
			<subfield code="c">[1978].</subfield>
		</datafield>
		<datafield tag="300" ind1=" " ind2=" ">
			<subfield code="a">160 s. :</subfield>
			<subfield code="b">ill. ;</subfield>
			<subfield code="c">20 cm.</subfield>
		</datafield>
		<datafield tag="336" ind1=" " ind2=" ">
			<subfield code="a">text</subfield>
			<subfield code="b">txt</subfield>
			<subfield code="2">rdacontent</subfield>
			<subfield code="0">http://rdaregistry.info/termList/RDAContentType/1020</subfield>
		</datafield>
		<datafield tag="337" ind1=" " ind2=" ">
			<subfield code="a">unmediated</subfield>
			<subfield code="b">umd</subfield>
			<subfield code="2">rdamedia</subfield>
			<subfield code="0">http://rdaregistry.info/termList/RDAMediaType/1007</subfield>
		</datafield>
		<datafield tag="338" ind1=" " ind2=" ">
			<subfield code="a">volume</subfield>
			<subfield code="b">vol</subfield>
			<subfield code="2">rdacarrier</subfield>
			<subfield code="0">http://rdaregistry.info/termList/RDACarrierType/1049</subfield>
		</datafield>
		<datafield tag="440" ind1=" " ind2=" ">
			<subfield code="a">Science fiction-biblioteket.</subfield>
			<subfield code="p">En science fiction antologi</subfield>
		</datafield>
		<datafield tag="500" ind1=" " ind2=" ">
			<subfield code="a">Noveller.</subfield>
		</datafield>
		<datafield tag="505" ind1="0" ind2=" ">
			<subfield code="a">Indhold: Bob Shaw: Lys fra svundne dage -- Damon Knight: Md̜estedet
				-- Robert Silverberg: Dommedagstrip -- Samuel Delany: Ja, og Gomorra .... Rog
				Phillips: Den gule pille -- George R.R. Martin: En anden ensomhed -- Roger Zelazny:
				En rose til Prd̆ikeren -- James Tiptree: For evigt opsteg rg̜en.</subfield>
		</datafield>
		<datafield tag="700" ind1="1" ind2=" ">
			<subfield code="a">Juul Holm, Palle.</subfield>
			<subfield code="1">http://viaf.org/viaf/307247433</subfield>
			<subfield code="e">Redaktør</subfield>
			<subfield code="4">edt</subfield>
		</datafield>
		<datafield tag="700" ind1="1" ind2=" ">
			<subfield code="a">Martin, George R. R.</subfield>
			<subfield code="d">1948-</subfield>
			<subfield code="q">(George Raymond Richard)</subfield>
			<subfield code="1">http://viaf.org/viaf/98636170</subfield>
			<subfield code="e">Forfatter</subfield>
			<subfield code="4">aut</subfield>
		</datafield>
	</record>