
	<record>
		<leader>00480cam a22001690 450 </leader>
		<controlfield tag="001">42321303</controlfield>
		<controlfield tag="005">20010128224732.0</controlfield>
		<controlfield tag="008">000000s1999 xxu 00| f eng d</controlfield>
		<datafield tag="020" ind1=" " ind2=" ">
			<subfield code="a">0553579908</subfield>
		</datafield>
		<datafield tag="084" ind1=" " ind2=" ">
			<subfield code="a">83.8</subfield>
			<subfield code="2">z</subfield>
		</datafield>
		<datafield tag="100" ind1="1" ind2=" ">
			<subfield code="a">Martin, George R. R.</subfield>
			<subfield code="d">1948-</subfield>
			<subfield code="q">(George Raymond Richard)</subfield>
			<subfield code="1">http://viaf.org/viaf/98636170</subfield>
			<subfield code="4">aut</subfield>
		</datafield>
		<datafield tag="240" ind1="1" ind2="2">
			<subfield code="a">A clash of kings /</subfield>
			<subfield code="1">http://viaf.org/viaf/2277147270456135700008</subfield>
		</datafield>
		<datafield tag="245" ind1="1" ind2="2">
			<subfield code="a">A clash of kings /</subfield>
			<subfield code="c">George R.R. Martin.</subfield>
		</datafield>
		<datafield tag="260" ind1=" " ind2=" ">
			<subfield code="a">New York ;</subfield>
			<subfield code="a">London :</subfield>
			<subfield code="b">Bantam,</subfield>
			<subfield code="c">1999.</subfield>
		</datafield>
		<datafield tag="300" ind1=" " ind2=" ">
			<subfield code="a">969 s.</subfield>
		</datafield>
		<datafield tag="336" ind1=" " ind2=" ">
			<subfield code="a">text</subfield>
			<subfield code="b">txt</subfield>
			<subfield code="2">rdacontent</subfield>
			<subfield code="0">http://rdaregistry.info/termList/RDAContentType/1020</subfield>
		</datafield>
		<datafield tag="337" ind1=" " ind2=" ">
			<subfield code="a">unmediated</subfield>
			<subfield code="b">umd</subfield>
			<subfield code="2">rdamedia</subfield>
			<subfield code="0">http://rdaregistry.info/termList/RDAMediaType/1007</subfield>
		</datafield>
		<datafield tag="338" ind1=" " ind2=" ">
			<subfield code="a">volume</subfield>
			<subfield code="b">vol</subfield>
			<subfield code="2">rdacarrier</subfield>
			<subfield code="0">http://rdaregistry.info/termList/RDACarrierType/1049</subfield>
		</datafield>
		<datafield tag="440" ind1=" " ind2=" ">
			<subfield code="a">A song of ice and fire ;</subfield>
			<subfield code="v">book 2</subfield>
		</datafield>
		<datafield tag="520" ind1="8" ind2=" ">
			<subfield code="a">Fantasy-roman.</subfield>
		</datafield>
		<datafield tag="534" ind1=" " ind2=" ">
			<subfield code="a">Originalutgave: 1998.</subfield>
		</datafield>
	</record>