
	<record>
		<leader>00530nam a22001333 450 </leader>
		<controlfield tag="001">009731560</controlfield>
		<controlfield tag="008">000000s1989 xxu 00| u eng d</controlfield>
		<datafield tag="020" ind1=" " ind2=" ">
			<subfield code="a">0395515629</subfield>
		</datafield>
		<datafield tag="100" ind1="1" ind2=" ">
			<subfield code="a">Tolkien, J. R. R.</subfield>
			<subfield code="d">1892-1973</subfield>
			<subfield code="q">(John Ronald Reuel)</subfield>
			<subfield code="1">http://viaf.org/viaf/95218067</subfield>
			<subfield code="4">aut</subfield>
		</datafield>
		<datafield tag="240" ind1="1" ind2="4">
			<subfield code="a">The treason of Isengard </subfield>
			<subfield code="1">https://viaf.org/viaf/6580153063118019320002</subfield>
		</datafield>
		<datafield tag="245" ind1="1" ind2="4">
			<subfield code="a">The treason of Isengard :</subfield>
			<subfield code="b">the history of The Lord of the rings, part two /</subfield>
			<subfield code="c">J. R. R. Tolkien ; [edited by] Christopher Tolkien.</subfield>
		</datafield>
		<datafield tag="260" ind1=" " ind2=" ">
			<subfield code="a">Boston, Mass. :</subfield>
			<subfield code="b">Houghton Mifflin,</subfield>
			<subfield code="c">1989.</subfield>
		</datafield>
		<datafield tag="300" ind1=" " ind2=" ">
			<subfield code="a">vi, 504 s.</subfield>
		</datafield>
		<datafield tag="336" ind1=" " ind2=" ">
			<subfield code="a">text</subfield>
			<subfield code="b">txt</subfield>
			<subfield code="2">rdacontent</subfield>
			<subfield code="0">http://rdaregistry.info/termList/RDAContentType/1020</subfield>
		</datafield>
		<datafield tag="337" ind1=" " ind2=" ">
			<subfield code="a">unmediated</subfield>
			<subfield code="b">umd</subfield>
			<subfield code="2">rdamedia</subfield>
			<subfield code="0">http://rdaregistry.info/termList/RDAMediaType/1007</subfield>
		</datafield>
		<datafield tag="338" ind1=" " ind2=" ">
			<subfield code="a">volume</subfield>
			<subfield code="b">vol</subfield>
			<subfield code="2">rdacarrier</subfield>
			<subfield code="0">http://rdaregistry.info/termList/RDACarrierType/1049</subfield>
		</datafield>
		<datafield tag="440" ind1=" " ind2=" ">
			<subfield code="a">The History of Middle-earth ;</subfield>
			<subfield code="v">7</subfield>
		</datafield>
		<datafield tag="700" ind1="1" ind2=" ">
			<subfield code="a">Tolkien, Christopher</subfield>
			<subfield code="1">http://viaf.org/viaf/12315790</subfield>
			<subfield code="e">Redaktør</subfield>
			<subfield code="4">edt</subfield>
		</datafield>
	</record>