
	<record>
		<leader>00358cam a22001213 450 </leader>
		<controlfield tag="001">009533527</controlfield>
		<controlfield tag="008">000000r19721966xx 00| u eng d</controlfield>
		<datafield tag="020" ind1=" " ind2=" ">
			<subfield code="a">0048230693</subfield>
		</datafield>
		<datafield tag="100" ind1="1" ind2=" ">
			<subfield code="a">Tolkien, J. R. R.</subfield>
			<subfield code="d">1892-1973</subfield>
			<subfield code="q">(John Ronald Reuel)</subfield>
			<subfield code="1">http://viaf.org/viaf/95218067</subfield>
			<subfield code="4">aut</subfield>
		</datafield>
		<datafield tag="240" ind1="1" ind2="4">
			<subfield code="a">The hobbit or there and back again </subfield>
			<subfield code="1">http://viaf.org/viaf/474145858107523021972</subfield>
		</datafield>
		<datafield tag="245" ind1="1" ind2="4">
			<subfield code="a">The hobbit or there and back again /</subfield>
			<subfield code="c">by J. R. R. Tolkien.</subfield>
		</datafield>
		<datafield tag="260" ind1=" " ind2=" ">
			<subfield code="a">London :</subfield>
			<subfield code="b">George Allen &amp; Unwin,</subfield>
			<subfield code="c">1972.</subfield>
		</datafield>
		<datafield tag="300" ind1=" " ind2=" ">
			<subfield code="a">317 s., 4 tav. :</subfield>
			<subfield code="b">ill.</subfield>
		</datafield>
		<datafield tag="336" ind1=" " ind2=" ">
			<subfield code="a">text</subfield>
			<subfield code="b">txt</subfield>
			<subfield code="2">rdacontent</subfield>
			<subfield code="0">http://rdaregistry.info/termList/RDAContentType/1020</subfield>
		</datafield>
		<datafield tag="337" ind1=" " ind2=" ">
			<subfield code="a">unmediated</subfield>
			<subfield code="b">umd</subfield>
			<subfield code="2">rdamedia</subfield>
			<subfield code="0">http://rdaregistry.info/termList/RDAMediaType/1007</subfield>
		</datafield>
		<datafield tag="338" ind1=" " ind2=" ">
			<subfield code="a">volume</subfield>
			<subfield code="b">vol</subfield>
			<subfield code="2">rdacarrier</subfield>
			<subfield code="0">http://rdaregistry.info/termList/RDACarrierType/1049</subfield>
		</datafield>
		<datafield tag="655" ind1=" " ind2="0">
			<subfield code="a">Fantasy</subfield>
		</datafield>
	</record>