
	<record>
		<leader>00522nam a22001570 450 </leader>
		<controlfield tag="001">01824597</controlfield>
		<controlfield tag="005">20010128224732.0</controlfield>
		<controlfield tag="008">000000r19771977uik 00| u eng d</controlfield>
		<datafield tag="020" ind1=" " ind2=" ">
			<subfield code="a">0048231398</subfield>
		</datafield>
		<datafield tag="084" ind1=" " ind2=" ">
			<subfield code="a">83</subfield>
			<subfield code="2">z</subfield>
		</datafield>
		<datafield tag="100" ind1="1" ind2=" ">
			<subfield code="a">Tolkien, J. R. R.</subfield>
			<subfield code="d">1892-1973</subfield>
			<subfield code="q">(John Ronald Reuel)</subfield>
			<subfield code="1">http://viaf.org/viaf/95218067</subfield>
			<subfield code="4">aut</subfield>
		</datafield>
		<datafield tag="240" ind1="1" ind2="4">
			<subfield code="a">The Silmarillion /</subfield>
			<subfield code="1">http://viaf.org/viaf/183065413</subfield>
		</datafield>
		<datafield tag="245" ind1="1" ind2="4">
			<subfield code="a">The Silmarillion /</subfield>
			<subfield code="c">edited by Christopher Tolkien.</subfield>
		</datafield>
		<datafield tag="250" ind1=" " ind2=" ">
			<subfield code="a">4. utg</subfield>
		</datafield>
		<datafield tag="260" ind1=" " ind2=" ">
			<subfield code="a">London :</subfield>
			<subfield code="b">Allen &amp; Unwin,</subfield>
			<subfield code="c">1977.</subfield>
		</datafield>
		<datafield tag="300" ind1=" " ind2=" ">
			<subfield code="a">365 s. </subfield>
			<subfield code="e">1 sammenfoldet kort.</subfield>
		</datafield>
		<datafield tag="336" ind1=" " ind2=" ">
			<subfield code="a">text</subfield>
			<subfield code="b">txt</subfield>
			<subfield code="2">rdacontent</subfield>
			<subfield code="0">http://rdaregistry.info/termList/RDAContentType/1020</subfield>
		</datafield>
		<datafield tag="337" ind1=" " ind2=" ">
			<subfield code="a">unmediated</subfield>
			<subfield code="b">umd</subfield>
			<subfield code="2">rdamedia</subfield>
			<subfield code="0">http://rdaregistry.info/termList/RDAMediaType/1007</subfield>
		</datafield>
		<datafield tag="338" ind1=" " ind2=" ">
			<subfield code="a">volume</subfield>
			<subfield code="b">vol</subfield>
			<subfield code="2">rdacarrier</subfield>
			<subfield code="0">http://rdaregistry.info/termList/RDACarrierType/1049</subfield>
		</datafield>
		<datafield tag="655" ind1=" " ind2="0">
			<subfield code="a">Fantasy</subfield>
		</datafield>
		<datafield tag="505" ind1="0" ind2=" ">
			<subfield code="a">Indhold: Ainulindal@UFCe -- Valaquenta -- Akallabt̊h -- Of the rings
				of power and the third age.</subfield>
		</datafield>
	</record>