
	<record>
		<leader>00958nam a22002770 450 </leader>
		<controlfield tag="001">28112688</controlfield>
		<controlfield tag="005">20120629203516.0</controlfield>
		<controlfield tag="008">000000r20102010dk 00| f dan d</controlfield>
		<datafield tag="041" ind1="1" ind2=" ">
			<subfield code="a">dan</subfield>
			<subfield code="h">eng</subfield>
		</datafield>
		<datafield tag="084" ind1=" " ind2=" ">
			<subfield code="a">83.8:296</subfield>
			<subfield code="2">z</subfield>
		</datafield>
		<datafield tag="100" ind1="1" ind2=" ">
			<subfield code="a">Riordan, Rick</subfield>
			<subfield code="d">1964-</subfield>
			<subfield code="q">(Richard Russell)</subfield>
			<subfield code="1">http://viaf.org/viaf/60214017</subfield>
			<subfield code="4">aut</subfield>
		</datafield>
		<datafield tag="240" ind1="1" ind2="4">
			<subfield code="a">The lightning thief.</subfield>
			<subfield code="1">https://viaf.org/viaf/309352190</subfield>
		</datafield>
		<datafield tag="245" ind1="1" ind2="0">
			<subfield code="a">Lyntyven.</subfield>
		</datafield>
		<datafield tag="250" ind1=" " ind2=" ">
			<subfield code="a">1. udgave, 2. oplag.</subfield>
		</datafield>
		<datafield tag="260" ind1=" " ind2=" ">
			<subfield code="a">Kbh. :</subfield>
			<subfield code="b">Carlsen,</subfield>
			<subfield code="c">2010.</subfield>
		</datafield>
		<datafield tag="300" ind1=" " ind2=" ">
			<subfield code="a">381 s.</subfield>
		</datafield>
		<datafield tag="336" ind1=" " ind2=" ">
			<subfield code="a">text</subfield>
			<subfield code="b">txt</subfield>
			<subfield code="2">rdacontent</subfield>
			<subfield code="0">http://rdaregistry.info/termList/RDAContentType/1020</subfield>
		</datafield>
		<datafield tag="337" ind1=" " ind2=" ">
			<subfield code="a">unmediated</subfield>
			<subfield code="b">umd</subfield>
			<subfield code="2">rdamedia</subfield>
			<subfield code="0">http://rdaregistry.info/termList/RDAMediaType/1007</subfield>
		</datafield>
		<datafield tag="338" ind1=" " ind2=" ">
			<subfield code="a">volume</subfield>
			<subfield code="b">vol</subfield>
			<subfield code="2">rdacarrier</subfield>
			<subfield code="0">http://rdaregistry.info/termList/RDACarrierType/1049</subfield>
		</datafield>
		<datafield tag="440" ind1=" " ind2=" ">
			<subfield code="a">Percy Jackson &amp; olymperne ;</subfield>
			<subfield code="v">bind 1</subfield>
		</datafield>
		<datafield tag="500" ind1=" " ind2=" ">
			<subfield code="a">Film med titel: Percy Jackson &amp; lyntyven.</subfield>
		</datafield>
		<datafield tag="520" ind1="8" ind2=" ">
			<subfield code="a">Fantasy. Om den 12-årige Percy, der opdager at han er Halvblods,
				halvt menneske og halvt gud. Han ved dog ikke hvilken af de gamle græske guder, der
				er hans far, og på hvilken side af den kommende krig mellem guderne, han vil stå
				på</subfield>
		</datafield>
		<datafield tag="534" ind1=" " ind2=" ">
			<subfield code="a">Tidligere: 1. udgave. 2010.</subfield>
		</datafield>
		<datafield tag="534" ind1=" " ind2=" ">
			<subfield code="a">1. oplag. 2010.</subfield>
		</datafield>
		<datafield tag="534" ind1=" " ind2=" ">
			<subfield code="a">2. oplag. 2010.</subfield>
		</datafield>
		<datafield tag="655" ind1=" " ind2="0">
			<subfield code="a">Fantasy</subfield>
		</datafield>
	</record>