
	<record>
		<leader>00969cam a22001690 450 </leader>
		<controlfield tag="001">44796198</controlfield>
		<controlfield tag="005">20110217152412.0</controlfield>
		<controlfield tag="008">000000s2010 uik 00| f eng d</controlfield>
		<datafield tag="084" ind1=" " ind2=" ">
			<subfield code="a">83.8</subfield>
			<subfield code="2">z</subfield>
		</datafield>
		<datafield tag="100" ind1="1" ind2=" ">
			<subfield code="a">Riordan, Rick</subfield>
			<subfield code="d">1964-</subfield>
			<subfield code="q">(Richard Russell)</subfield>
			<subfield code="1">http://viaf.org/viaf/60214017</subfield>
			<subfield code="4">aut</subfield>
		</datafield>
		<datafield tag="240" ind1="1" ind2="4">
			<subfield code="a">The demigod files.</subfield>
			<subfield code="1">https://viaf.org/viaf/150150382234313500009</subfield>
		</datafield>
		<datafield tag="245" ind1="1" ind2="4">
			<subfield code="a">The demigod files.</subfield>
		</datafield>
		<datafield tag="260" ind1=" " ind2=" ">
			<subfield code="a">London :</subfield>
			<subfield code="b">Puffin Books,</subfield>
			<subfield code="c">2010.</subfield>
		</datafield>
		<datafield tag="300" ind1=" " ind2=" ">
			<subfield code="a">170 s., tavler i farver :</subfield>
			<subfield code="b">ill.</subfield>
		</datafield>
		<datafield tag="336" ind1=" " ind2=" ">
			<subfield code="a">text</subfield>
			<subfield code="b">txt</subfield>
			<subfield code="2">rdacontent</subfield>
			<subfield code="0">http://rdaregistry.info/termList/RDAContentType/1020</subfield>
		</datafield>
		<datafield tag="337" ind1=" " ind2=" ">
			<subfield code="a">unmediated</subfield>
			<subfield code="b">umd</subfield>
			<subfield code="2">rdamedia</subfield>
			<subfield code="0">http://rdaregistry.info/termList/RDAMediaType/1007</subfield>
		</datafield>
		<datafield tag="338" ind1=" " ind2=" ">
			<subfield code="a">volume</subfield>
			<subfield code="b">vol</subfield>
			<subfield code="2">rdacarrier</subfield>
			<subfield code="0">http://rdaregistry.info/termList/RDACarrierType/1049</subfield>
		</datafield>
		<datafield tag="440" ind1=" " ind2=" ">
			<subfield code="a">Percy Jackson and the Olympians ;</subfield>
			<subfield code="v">bok 1</subfield>
		</datafield>
		<datafield tag="500" ind1=" " ind2=" ">
			<subfield code="a">Fantasy-roman.</subfield>
		</datafield>
		<datafield tag="520" ind1="8" ind2=" ">
			<subfield code="a">I disse tophemmelige filer giver Rick Riordan, Camp-Half-Blood's
				senior skribent, dig indsigt i en verden af halvguder, som intet almindeligt barn
				har lov til at se. Disse højt klassificerede arkiver omfatter tre af Percy Jacksons
				mest farefulde eventyr: "Spotter's guide to monsters", "Hvem er hvem
				i den græsk mytologi", "Percy's summer camp rapport" og meget mere.
				Så hvis du er bevæbnet med denne bog, har du alt, hvad du behøver at vide for at
				overleve din træning. Dine egne eventyr er lige begyndt.</subfield>
		</datafield>
		<datafield tag="534" ind1=" " ind2=" ">
			<subfield code="a">Originalutgave: 2009.</subfield>
		</datafield>
		<datafield tag="655" ind1=" " ind2="0">
			<subfield code="a">Fantasy</subfield>
		</datafield>
	</record>