
	<record>
		<leader>00997nim a22003010 450 </leader>
		<controlfield tag="001">29850925</controlfield>
		<controlfield tag="005">20130311180855.0</controlfield>
		<controlfield tag="007">s|||||||||||||</controlfield>
		<controlfield tag="008">000000s2013 dk | dan d</controlfield>
		<datafield tag="041" ind1="1" ind2=" ">
			<subfield code="a">dan</subfield>
			<subfield code="h">eng</subfield>
		</datafield>
		<datafield tag="084" ind1=" " ind2=" ">
			<subfield code="a">83.8:296</subfield>
			<subfield code="2">z</subfield>
		</datafield>
		<datafield tag="100" ind1="1" ind2=" ">
			<subfield code="a">Riordan, Rick</subfield>
			<subfield code="d">1964-</subfield>
			<subfield code="q">(Richard Russell)</subfield>
			<subfield code="1">http://viaf.org/viaf/60214017</subfield>
			<subfield code="4">aut</subfield>
		</datafield>
		<datafield tag="240" ind1="1" ind2="4">
			<subfield code="a">The lost hero.</subfield>
			<subfield code="1">https://viaf.org/viaf/309448548</subfield>
		</datafield>
		<datafield tag="245" ind1="1" ind2="4">
			<subfield code="a">Den fortabte helt.</subfield>
		</datafield>
		<datafield tag="260" ind1=" " ind2=" ">
			<subfield code="a">Kbh. :</subfield>
			<subfield code="b">Audioteket,</subfield>
			<subfield code="c">2013.</subfield>
		</datafield>
		<datafield tag="300" ind1=" " ind2=" ">
			<subfield code="a">14 cd'er i 1 mappe (16 t., 58 min.)</subfield>
		</datafield>
		<datafield tag="336" ind1=" " ind2=" ">
			<subfield code="a">spoken word</subfield>
			<subfield code="b">spw</subfield>
			<subfield code="2">rdacontent</subfield>
			<subfield code="0">http://rdaregistry.info/termList/RDAContentType/1013</subfield>
		</datafield>
		<datafield tag="337" ind1=" " ind2=" ">
			<subfield code="a">audio</subfield>
			<subfield code="b">a</subfield>
			<subfield code="2">rdamedia</subfield>
			<subfield code="0">http://rdaregistry.info/termList/RDAMediaType/1001</subfield>
		</datafield>
		<datafield tag="338" ind1=" " ind2=" ">
			<subfield code="a">audio disc</subfield>
			<subfield code="b">ad</subfield>
			<subfield code="2">rdacarrier</subfield>
			<subfield code="0">http://rdaregistry.info/termList/RDACarrierType/1004</subfield>
		</datafield>
		<datafield tag="440" ind1=" " ind2=" ">
			<subfield code="a">Olympens helte ;</subfield>
			<subfield code="v">bind 1</subfield>
		</datafield>
		<datafield tag="500" ind1=" " ind2=" ">
			<subfield code="a">Overst̆teren fremgr̄ ikke af materialet.</subfield>
		</datafield>
		<datafield tag="520" ind1="8" ind2=" ">
			<subfield code="a">Fantasy. Jason er sn̜ af Zeus/Jupiter og er derfor en halvgud. Sammen
				med to andre halvguder, Piper og Leo, sendes han ud på en farlig mission for at
				befri gudinden Hera/Juno.</subfield>
		</datafield>
		<datafield tag="534" ind1=" " ind2=" ">
			<subfield code="a">Gengivelse af bogen.</subfield>
		</datafield>
		<datafield tag="534" ind1=" " ind2=" ">
			<subfield code="a">Indlæst efter 1. udgave. 2012296484259788711395592.</subfield>
		</datafield>
		<datafield tag="655" ind1=" " ind2="0">
			<subfield code="a">Fantasy</subfield>
		</datafield>
		<datafield tag="700" ind1="1" ind2=" ">
			<subfield code="a">Bøllehuus, Jesper.</subfield>
			<subfield code="1">https://viaf.org/viaf/307222432</subfield>
			<subfield code="e">Innleser</subfield>
			<subfield code="4">nrt</subfield>
		</datafield>
	</record>