
	<record>
		<leader>01504ngm a22003490 450 </leader>
		<controlfield tag="001">50627683</controlfield>
		<controlfield tag="005">20140409180204.0</controlfield>
		<controlfield tag="007">vd||v||||</controlfield>
		<controlfield tag="008">000000s2014 dk | mul d</controlfield>
		<datafield tag="041" ind1="1" ind2=" ">
			<subfield code="a">eng</subfield>
			<subfield code="b">spa</subfield>
			<subfield code="b">dan</subfield>
			<subfield code="b">fin</subfield>
			<subfield code="b">ger</subfield>
			<subfield code="b">ita</subfield>
			<subfield code="b">nor</subfield>
			<subfield code="b">swe</subfield>
			<subfield code="b">hin</subfield>
			<subfield code="b">tur</subfield>
			<subfield code="b">eng</subfield>
		</datafield>
		<datafield tag="084" ind1=" " ind2=" ">
			<subfield code="a">77.7</subfield>
			<subfield code="2">z</subfield>
		</datafield>
		<datafield tag="100" ind1="1" ind2=" ">
			<subfield code="a">Riordan, Rick</subfield>
			<subfield code="d">1964-</subfield>
			<subfield code="q">(Richard Russell)</subfield>
			<subfield code="1">http://viaf.org/viaf/60214017</subfield>
			<subfield code="4">aut</subfield>
		</datafield>
		<datafield tag="240" ind1="0" ind2="0">
			<subfield code="a">Percy Jackson - sea of monsters.</subfield>
			<subfield code="1">https://viaf.org/viaf/1401151002099730280004</subfield>
		</datafield>
		<datafield tag="245" ind1="0" ind2="0">
			<subfield code="a">Percy Jackson - sea of monsters.</subfield>
		</datafield>
		<datafield tag="260" ind1=" " ind2=" ">
			<subfield code="a">[Frederiksberg] :</subfield>
			<subfield code="b">Fox-Paramount Home Entertainment (Denmark),</subfield>
			<subfield code="c">2014.</subfield>
		</datafield>
		<datafield tag="300" ind1=" " ind2=" ">
			<subfield code="a">1 dvd-video (ca. 101 min.)</subfield>
		</datafield>
		<datafield tag="336" ind1=" " ind2=" ">
			<subfield code="a">two-dimensional moving image</subfield>
			<subfield code="b">tdmi</subfield>
			<subfield code="2">rdacontent</subfield>
			<subfield code="0">http://rdaregistry.info/termList/RDAContentType/1023</subfield>
		</datafield>
		<datafield tag="337" ind1=" " ind2=" ">
			<subfield code="a">video</subfield>
			<subfield code="b">v</subfield>
			<subfield code="2">rdamedia</subfield>
			<subfield code="0">http://rdaregistry.info/termList/RDAMediaType/1008</subfield>
		</datafield>
		<datafield tag="338" ind1=" " ind2=" ">
			<subfield code="a">videodisc</subfield>
			<subfield code="b">vd</subfield>
			<subfield code="2">rdacarrier</subfield>
			<subfield code="0">http://rdaregistry.info/termList/RDACarrierType/1060</subfield>
		</datafield>
		<datafield tag="500" ind1=" " ind2=" ">
			<subfield code="a">F1-SDK 55444. FP 20155444.</subfield>
		</datafield>
		<datafield tag="500" ind1=" " ind2=" ">
			<subfield code="a">Produktion: Fox 2000 Pictures (USA), 2013.</subfield>
		</datafield>
		<datafield tag="505" ind1="8" ind2=" ">
			<subfield code="a">Af indholdet: Extras.</subfield>
		</datafield>
		<datafield tag="520" ind1="8" ind2=" ">
			<subfield code="a">Trĕt der beskytter Halvblodslejren er blevet forgiftet og Percy og
				vennerne m ̄finde Jasons gyldne skind, som kan helbrede trĕt. Desvr̆re befinder
				skindet sig på en ̜hos en ondsindet kyklop og for at komme dertil, m ̄Percy, hans
				halvbror Tyson og vennerne fr̜st krydse uhyrernes hav.</subfield>
		</datafield>
		<datafield tag="521" ind1="8" ind2=" ">
			<subfield code="a">Mr̆kning: Tilladt for br̜n over 11 r̄.</subfield>
		</datafield>
		<datafield tag="546" ind1=" " ind2=" ">
			<subfield code="a">Engelsk tale, samt synkronisering p ̄spansk, tysk og
				italiensk.</subfield>
		</datafield>
		<datafield tag="546" ind1=" " ind2=" ">
			<subfield code="a">Undertekster p ̄spansk, dansk, finsk, tysk, italiensk, norsk, svensk,
				hindi, tyrkisk og engelsk.</subfield>
		</datafield>
		<datafield tag="546" ind1=" " ind2=" ">
			<subfield code="a">Tekstet for hørehemmede på engelsk.</subfield>
		</datafield>
		<datafield tag="546" ind1=" " ind2=" ">
			<subfield code="a">Fortalt for synshandicappede på engelsk.</subfield>
		</datafield>
		<datafield tag="655" ind1=" " ind2="0">
			<subfield code="a">Fantasy</subfield>
		</datafield>
		<datafield tag="655" ind1=" " ind2="0">
			<subfield code="a">Spillefilm</subfield>
		</datafield>
		<datafield tag="700" ind1="1" ind2=" ">
			<subfield code="a">Freudenthal, Thor.</subfield>
			<subfield code="1">https://viaf.org/viaf/100949130</subfield>
			<subfield code="e">Regissør</subfield>
			<subfield code="4">drt</subfield>
		</datafield>
		<datafield tag="700" ind1="1" ind2=" ">
			<subfield code="a">Guggenheim, Marc.</subfield>
			<subfield code="1">https://viaf.org/viaf/42161973</subfield>
			<subfield code="e">Forfatter</subfield>
			<subfield code="4">aut</subfield>

		</datafield>
		<datafield tag="700" ind1="2" ind2=" ">
			<subfield code="a">Riordan, Rick</subfield>
			<subfield code="t">Sea Of Monsters</subfield>
			<subfield code="1">https://viaf.org/viaf/309312232</subfield>
			<subfield code="i">Basert på</subfield>
			<subfield code="4">http://rdaregistry.info/Elements/w/P10155</subfield>
		</datafield>
	</record>