
	<record>
		<leader>00569cgm a22001933 450 </leader>
		<controlfield tag="001">5059120</controlfield>
		<controlfield tag="005">20140605044800.0</controlfield>
		<controlfield tag="007">vf|||||||</controlfield>
		<controlfield tag="008">000000s2001 dk | dan d</controlfield>
		<datafield tag="084" ind1=" " ind2=" ">
			<subfield code="a">99.4 Lewis, C. S.</subfield>
			<subfield code="2">z</subfield>
		</datafield>
		<datafield tag="245" ind1="0" ind2="0">
			<subfield code="a">Vejen til Narnia</subfield>
		</datafield>
		<datafield tag="260" ind1=" " ind2=" ">
			<subfield code="a">Kbh. :</subfield>
			<subfield code="b">DR2,</subfield>
			<subfield code="c">2001.</subfield>
		</datafield>
		<datafield tag="300" ind1=" " ind2=" ">
			<subfield code="a">1 video (VHS),</subfield>
			<subfield code="a">50 min.</subfield>
		</datafield>
		<datafield tag="336" ind1=" " ind2=" ">
			<subfield code="a">two-dimensional moving image</subfield>
			<subfield code="b">tdmi</subfield>
			<subfield code="2">rdacontent</subfield>
			<subfield code="0">http://rdaregistry.info/termList/RDAContentType/1023</subfield>
		</datafield>
		<datafield tag="337" ind1=" " ind2=" ">
			<subfield code="a">video</subfield>
			<subfield code="b">v</subfield>
			<subfield code="2">rdamedia</subfield>
			<subfield code="0">http://rdaregistry.info/termList/RDAMediaType/1008</subfield>
		</datafield>
		<datafield tag="338" ind1=" " ind2=" ">
			<subfield code="a">videocasette</subfield>
			<subfield code="b">vc</subfield>
			<subfield code="2">rdacarrier</subfield>
			<subfield code="0">http://rdaregistry.info/termList/RDACarrierType/#1052</subfield>
		</datafield>
		<datafield tag="440" ind1=" " ind2=" ">
			<subfield code="a">Temalr̜dag</subfield>
		</datafield>
		<datafield tag="505" ind1="0" ind2=" ">
			<subfield code="a">Vejen til Narnia - portrett af forfatteren C. S. Lewis (30 min.)
				Mennesket C. S. Lewis (20 min.).</subfield>
		</datafield>
		<datafield tag="600" ind1=" " ind2="0">
			<subfield code="a">C. S. Lewis</subfield>
			<subfield code="1">http://viaf.org/viaf/22144877</subfield>
			<subfield code="4">aut</subfield>
		</datafield>
		<datafield tag="655" ind1=" " ind2="0">
			<subfield code="a">Fantasy</subfield>
			<subfield code="d">(Forfatter)</subfield>
		</datafield>
	</record>