
	<record>
		<leader>00427nxm a22001334 450 </leader>
		<controlfield tag="001">53731740</controlfield>
		<controlfield tag="005">20171127151426.0</controlfield>
		<controlfield tag="008">000000s2017 dk | dan d</controlfield>
		<datafield tag="084" ind1=" " ind2=" ">
			<subfield code="a">Uden klassemærke</subfield>
			<subfield code="2">z</subfield>
		</datafield>
		<datafield tag="240" ind1="" ind2="">
			<subfield code="a">Chronicles of Narnia</subfield>
			<subfield code="1">https://viaf.org/viaf/306402015</subfield>
		</datafield>
		<datafield tag="245" ind1="0" ind2="0">
			<subfield code="a">Narnia /</subfield>
			<subfield code="c">tekst: C. S. Lewis ; iscenesættelse: Frede Guldbrandsen ; Århus
				Teater.</subfield>
		</datafield>
		<datafield tag="260" ind1=" " ind2=" ">
			<subfield code="a">Århus :</subfield>
			<subfield code="b">Århus Teater, Store Scene,</subfield>
			<subfield code="c">2017.</subfield>
		</datafield>
		<datafield tag="336" ind1=" " ind2=" ">
			<subfield code="a">text</subfield>
			<subfield code="b">txt</subfield>
			<subfield code="2">rdacontent</subfield>
			<subfield code="0">http://rdaregistry.info/termList/RDAContentType/1020</subfield>
		</datafield>
		<datafield tag="337" ind1=" " ind2=" ">
			<subfield code="a">unmediated</subfield>
			<subfield code="b">umd</subfield>
			<subfield code="2">rdamedia</subfield>
			<subfield code="0">http://rdaregistry.info/termList/RDAMediaType/1007</subfield>
		</datafield>
		<datafield tag="338" ind1=" " ind2=" ">
			<subfield code="a">volume</subfield>
			<subfield code="b">vol</subfield>
			<subfield code="2">rdacarrier</subfield>
			<subfield code="0">http://rdaregistry.info/termList/RDACarrierType/1049</subfield>
		</datafield>
		<datafield tag="520" ind1="8" ind2=" ">
			<subfield code="a">Familieteater.</subfield>
		</datafield>
		<datafield tag="655" ind1=" " ind2="0">
			<subfield code="a">Fantasy</subfield>
		</datafield>
		<datafield tag="700" ind1="1" ind2=" ">
			<subfield code="a">Lewis, C. S.</subfield>
			<subfield code="1">http://viaf.org/viaf/22144877</subfield>
			<subfield code="e">Forfatter</subfield>
			<subfield code="4">aut</subfield>

		</datafield>
		<datafield tag="710" ind1="2" ind2=" ">
			<subfield code="a">Århus Teater, Store Scene.</subfield>
		</datafield>
	</record>