
	<record>
		<leader>01254cam a22002650 450 </leader>
		<controlfield tag="001">90361031</controlfield>
		<controlfield tag="008">000000s2015 fa 00| f fao d</controlfield>
		<datafield tag="041" ind1="1" ind2=" ">
			<subfield code="a">fao</subfield>
			<subfield code="h">eng</subfield>
		</datafield>
		<datafield tag="084" ind1=" " ind2=" ">
			<subfield code="a">fb</subfield>
			<subfield code="2">z</subfield>
		</datafield>
		<datafield tag="084" ind1=" " ind2=" ">
			<subfield code="a">83.2</subfield>
			<subfield code="2">z</subfield>
		</datafield>
		<datafield tag="100" ind1="1" ind2=" ">
			<subfield code="a">Rowling, J. K.</subfield>
			<subfield code="d">1965-</subfield>
			<subfield code="q">(Joanne)</subfield>
			<subfield code="1">http://viaf.org/viaf/116796842</subfield>
			<subfield code="4">aut</subfield>
		</datafield>
		<datafield tag="240" ind1="1" ind2="0">
			<subfield code="a">Harry Potter and the philosopher's stone.</subfield>
			<subfield code="1">https://viaf.org/viaf/184602629</subfield>
		</datafield>
		<datafield tag="245" ind1="1" ind2="0">
			<subfield code="a">Harry Potter og vitramannasteinurin.</subfield>
		</datafield>
		<datafield tag="260" ind1=" " ind2=" ">
			<subfield code="a">Tr̤shavn :</subfield>
			<subfield code="b">Fr̜oya lr̆arafelag,</subfield>
			<subfield code="c">2015.</subfield>
		</datafield>
		<datafield tag="300" ind1=" " ind2=" ">
			<subfield code="a">248 sider:</subfield>
			<subfield code="b">myndir ;</subfield>
			<subfield code="c">27 cm.</subfield>
		</datafield>
		<datafield tag="336" ind1=" " ind2=" ">
			<subfield code="a">text</subfield>
			<subfield code="b">txt</subfield>
			<subfield code="2">rdacontent</subfield>
			<subfield code="0">http://rdaregistry.info/termList/RDAContentType/1020</subfield>
		</datafield>
		<datafield tag="337" ind1=" " ind2=" ">
			<subfield code="a">unmediated</subfield>
			<subfield code="b">umd</subfield>
			<subfield code="2">rdamedia</subfield>
			<subfield code="0">http://rdaregistry.info/termList/RDAMediaType/1007</subfield>
		</datafield>
		<datafield tag="338" ind1=" " ind2=" ">
			<subfield code="a">volume</subfield>
			<subfield code="b">vol</subfield>
			<subfield code="2">rdacarrier</subfield>
			<subfield code="0">http://rdaregistry.info/termList/RDACarrierType/1049</subfield>
		</datafield>
		<datafield tag="500" ind1=" " ind2=" ">
			<subfield code="a">Bk̤arai̧ ̧er: Harry Potter og vitramannasteinurin ; Harry Potter og
				kamari ̧vi ̧loynidm̤um ; Harry Potter og fangin r︢ Azkaban ; Harry Potter og
				eldbikari ̧; Harry Potter og Fn̜iksfylkingin ; Harry Potter og hl̀vblş̤prinsurin ;
				Harry Potter og arvalutir deya̧ns.</subfield>
		</datafield>
		<datafield tag="520" ind1="8" ind2=" ">
			<subfield code="a">11 r̀a gamli Harry Potter veru̧r bjargau̧r undan r̤einu
				stjk︢foreldrum sn̕um og fr̆ at vita, at hann er ein gandakallur. Hann fer ̀Hogwarts,
				skl︢an fyri gandakynstur og galdralist, og fer ̕bardaga m̕t̤i teimum n̤du, i ̧liggja
				honum eftir lv̕inum.</subfield>
		</datafield>
		<datafield tag="534" ind1=" " ind2=" ">
			<subfield code="a">Upprunat︢gv̀a: 2015.</subfield>
		</datafield>
		<datafield tag="534" ind1=" " ind2=" ">
			<subfield code="a">1. upplag. 2015prenta ̧ ̕Kina.</subfield>
		</datafield>
		<datafield tag="600" ind1="1" ind2="0">
			<subfield code="a">Potter, Harry</subfield>
			<subfield code="c">(Fiktiv karakter)</subfield>
		</datafield>
		<datafield tag="600" ind1=" " ind2="0">
			<subfield code="a">Galtvort</subfield>
			<subfield code="c">(Fiktivt sted)</subfield>
		</datafield>
		<datafield tag="653" ind1=" " ind2="0">
			<subfield code="a">Trollmenn </subfield>
		</datafield>
		<datafield tag="653" ind1=" " ind2="0">
			<subfield code="a">Hekser</subfield>
		</datafield>
		<datafield tag="655" ind1=" " ind2="0">
			<subfield code="a">Fantasy</subfield>
		</datafield>
	</record>