
	<record>
		<leader>00804cam a22002050 450 </leader>
		<controlfield tag="001">45293831</controlfield>
		<controlfield tag="005">20121009131551.0</controlfield>
		<controlfield tag="008">000000s2009 uik 00| f eng d</controlfield>
		<datafield tag="084" ind1=" " ind2=" ">
			<subfield code="a">83</subfield>
			<subfield code="2">z</subfield>
		</datafield>
		<datafield tag="100" ind1="1" ind2=" ">
			<subfield code="a">Rowling, J. K.</subfield>
			<subfield code="d">1965-</subfield>
			<subfield code="q">(Joanne)</subfield>
			<subfield code="1">http://viaf.org/viaf/116796842</subfield>
			<subfield code="4">aut</subfield>
		</datafield>
		<datafield tag="240" ind1="1" ind2="0">
			<subfield code="a">Harry Potter and the half-blood prince.</subfield>
			<subfield code="1">https://viaf.org/viaf/183367802</subfield>
		</datafield>
		<datafield tag="245" ind1="1" ind2="0">
			<subfield code="a">Harry Potter and the half-blood prince.</subfield>
		</datafield>
		<datafield tag="250" ind1=" " ind2=" ">
			<subfield code="a">2. utg</subfield>
		</datafield>
		<datafield tag="260" ind1=" " ind2=" ">
			<subfield code="a">London :</subfield>
			<subfield code="b">Bloomsbury,</subfield>
			<subfield code="c">2009.</subfield>
		</datafield>
		<datafield tag="300" ind1=" " ind2=" ">
			<subfield code="a">607 s.</subfield>
		</datafield>
		<datafield tag="336" ind1=" " ind2=" ">
			<subfield code="a">text</subfield>
			<subfield code="b">txt</subfield>
			<subfield code="2">rdacontent</subfield>
			<subfield code="0">http://rdaregistry.info/termList/RDAContentType/1020</subfield>
		</datafield>
		<datafield tag="337" ind1=" " ind2=" ">
			<subfield code="a">unmediated</subfield>
			<subfield code="b">umd</subfield>
			<subfield code="2">rdamedia</subfield>
			<subfield code="0">http://rdaregistry.info/termList/RDAMediaType/1007</subfield>
		</datafield>
		<datafield tag="338" ind1=" " ind2=" ">
			<subfield code="a">volume</subfield>
			<subfield code="b">vol</subfield>
			<subfield code="2">rdacarrier</subfield>
			<subfield code="0">http://rdaregistry.info/termList/RDACarrierType/1049</subfield>
		</datafield>
		<datafield tag="500" ind1=" " ind2=" ">
			<subfield code="a">6. del af: Harry Potter og De Vises Sten. Seriens indhold se
				denne.</subfield>
		</datafield>
		<datafield tag="520" ind1="8" ind2=" ">
			<subfield code="a">Fantasy. Endnu en gang skal Harry Potter tilbage til troldmandsskolen
				Hogwart efter at have tilbragt nogle kedelige uger hos sin plejefamilie i
				Ligustervn̆get. Han glæder sig, men han ved heller ikke, hvilke uhyggelige
				oplevelser han har i vente.</subfield>
		</datafield>
		<datafield tag="534" ind1=" " ind2=" ">
			<subfield code="a">Originalutgave: 2005.</subfield>
		</datafield>
		<datafield tag="600" ind1="1" ind2="0">
			<subfield code="a">Potter, Harry</subfield>
			<subfield code="c">(Fiktiv karakter)</subfield>
		</datafield>
		<datafield tag="600" ind1=" " ind2="0">
			<subfield code="a">Galtvort</subfield>
			<subfield code="c">(Fiktivt sted)</subfield>
		</datafield>
		<datafield tag="653" ind1=" " ind2="0">
			<subfield code="a">Trollmenn </subfield>
		</datafield>
		<datafield tag="653" ind1=" " ind2="0">
			<subfield code="a">Hekser</subfield>
		</datafield>
		<datafield tag="655" ind1=" " ind2="0">
			<subfield code="a">Fantasy</subfield>
		</datafield>
	</record>