
	<record>
		<leader>00395cam a22001454 450 </leader>
		<controlfield tag="001">2058071</controlfield>
		<controlfield tag="005">20070612180500.0</controlfield>
		<controlfield tag="008">000000r198319uuxxu 00| u eng d</controlfield>
		<datafield tag="020" ind1=" " ind2=" ">
			<subfield code="a">0671493043</subfield>
		</datafield>
		<datafield tag="084" ind1=" " ind2=" ">
			<subfield code="a">83</subfield>
			<subfield code="2">z</subfield>
		</datafield>
		<datafield tag="100" ind1="1" ind2=" ">
			<subfield code="a">Adams, Douglas</subfield>
			<subfield code="d">1952-2001 </subfield>
			<subfield code="q">(Douglas Noel)</subfield>
			<subfield code="1">http://viaf.org/viaf/113230702</subfield>
			<subfield code="4">aut</subfield>
		</datafield>
		<datafield tag="240" ind1="1" ind2="4">
			<subfield code="a">The restaurant at the end of the Universe.</subfield>
			<subfield code="1">https://viaf.org/viaf/200809234</subfield>
		</datafield>
		<datafield tag="245" ind1="1" ind2="4">
			<subfield code="a">The restaurant at the end of the Universe.</subfield>
		</datafield>
		<datafield tag="250" ind1=" " ind2=" ">
			<subfield code="a">9. utg</subfield>
		</datafield>
		<datafield tag="260" ind1=" " ind2=" ">
			<subfield code="a">New York, N.Y. :</subfield>
			<subfield code="b">Pocket Books,</subfield>
			<subfield code="c">ca 1983.</subfield>
		</datafield>
		<datafield tag="300" ind1=" " ind2=" ">
			<subfield code="a">250 s.</subfield>
		</datafield>
		<datafield tag="336" ind1=" " ind2=" ">
			<subfield code="a">text</subfield>
			<subfield code="b">txt</subfield>
			<subfield code="2">rdacontent</subfield>
			<subfield code="0">http://rdaregistry.info/termList/RDAContentType/1020</subfield>
		</datafield>
		<datafield tag="337" ind1=" " ind2=" ">
			<subfield code="a">unmediated</subfield>
			<subfield code="b">umd</subfield>
			<subfield code="2">rdamedia</subfield>
			<subfield code="0">http://rdaregistry.info/termList/RDAMediaType/1007</subfield>
		</datafield>
		<datafield tag="338" ind1=" " ind2=" ">
			<subfield code="a">volume</subfield>
			<subfield code="b">vol</subfield>
			<subfield code="2">rdacarrier</subfield>
			<subfield code="0">http://rdaregistry.info/termList/RDACarrierType/1049</subfield>
		</datafield>
		<datafield tag="655" ind1=" " ind2="0">
			<subfield code="a">Science-fiction</subfield>
		</datafield>
	</record>