
	<record>
		<leader>00666nam a22001690 450 </leader>
		<controlfield tag="001">40520538</controlfield>
		<controlfield tag="005">20040228015911.0</controlfield>
		<controlfield tag="008">000000s1988 xxu 00| f eng d</controlfield>
		<datafield tag="020" ind1=" " ind2=" ">
			<subfield code="a">0671625837 (ib.)</subfield>
		</datafield>
		<datafield tag="084" ind1=" " ind2=" ">
			<subfield code="a">83</subfield>
			<subfield code="2">z</subfield>
		</datafield>
		<datafield tag="100" ind1="1" ind2=" ">
			<subfield code="a">Adams, Douglas</subfield>
			<subfield code="d">1952-2001 </subfield>
			<subfield code="q">(Douglas Noel)</subfield>
			<subfield code="1">http://viaf.org/viaf/113230702</subfield>
			<subfield code="4">aut</subfield>
		</datafield>
		<datafield tag="240" ind1="1" ind2="0">
			<subfield code="a">Dirk Gently's Holistic Detective Agency /</subfield>
			<subfield code="1">http://viaf.org/viaf/179734837</subfield>
		</datafield>
		<datafield tag="245" ind1="1" ind2="4">
			<subfield code="a">The long dark tea-time of the soul /</subfield>
			<subfield code="c">Douglas Adams.</subfield>
		</datafield>
		<datafield tag="260" ind1=" " ind2=" ">
			<subfield code="a">New York :</subfield>
			<subfield code="b">Simon and Schuster,</subfield>
			<subfield code="c">cop. 1988.</subfield>
		</datafield>
		<datafield tag="300" ind1=" " ind2=" ">
			<subfield code="a">319 s.</subfield>
		</datafield>
		<datafield tag="336" ind1=" " ind2=" ">
			<subfield code="a">text</subfield>
			<subfield code="b">txt</subfield>
			<subfield code="2">rdacontent</subfield>
			<subfield code="0">http://rdaregistry.info/termList/RDAContentType/1020</subfield>
		</datafield>
		<datafield tag="337" ind1=" " ind2=" ">
			<subfield code="a">unmediated</subfield>
			<subfield code="b">umd</subfield>
			<subfield code="2">rdamedia</subfield>
			<subfield code="0">http://rdaregistry.info/termList/RDAMediaType/1007</subfield>
		</datafield>
		<datafield tag="338" ind1=" " ind2=" ">
			<subfield code="a">volume</subfield>
			<subfield code="b">vol</subfield>
			<subfield code="2">rdacarrier</subfield>
			<subfield code="0">http://rdaregistry.info/termList/RDACarrierType/1049</subfield>
		</datafield>
		<datafield tag="520" ind1="8" ind2=" ">
			<subfield code="a">Humoristisk eventyr- og spændingsroman, der foregår dels i London,
				dels i de nordiske guders Asgård, hvor privatdetektiven Dirk Gently ved brug af
				holistikken læser de mest indviklede og mystiske kriminalgåder.</subfield>
		</datafield>
		<datafield tag="600" ind1=" " ind2="0">
			<subfield code="a">Gently, Dirk </subfield>
			<subfield code="c">(Fiktiv karakter)</subfield>
		</datafield>
		<datafield tag="653" ind1=" " ind2="0">
			<subfield code="a">Detektiv</subfield>
		</datafield>
		<datafield tag="655" ind1=" " ind2="0">
			<subfield code="a">Science-fiction</subfield>
		</datafield>
	</record>