
	<record>
		<leader>00775cam a22002054 450 </leader>
		<controlfield tag="001">342779</controlfield>
		<controlfield tag="005">201504271850000000.0</controlfield>
		<controlfield tag="008">000000s1992 uik 00| u eng d</controlfield>
		<datafield tag="020" ind1=" " ind2=" ">
			<subfield code="a">1852864478</subfield>
		</datafield>
		<datafield tag="084" ind1=" " ind2=" ">
			<subfield code="a">741.5942</subfield>
			<subfield code="2">z</subfield>
		</datafield>
		<datafield tag="084" ind1=" " ind2=" ">
			<subfield code="a">83</subfield>
			<subfield code="2">z</subfield>
		</datafield>
		<datafield tag="100" ind1="1" ind2=" ">
			<subfield code="a">Gaiman, Neil</subfield>
			<subfield code="d">1960 </subfield>
			<subfield code="q">(Neil Richard)</subfield>
			<subfield code="1">http://viaf.org/viaf/103859257</subfield>
			<subfield code="4">aut</subfield>
		</datafield>
		<datafield tag="240" ind1="1" ind2="0">
			<subfield code="a">Sandman</subfield>
			<subfield code="1">http://viaf.org/viaf/1486147270636135700000</subfield>
		</datafield>
		<datafield tag="245" ind1="1" ind2="4">
			<subfield code="a">The Sandman :</subfield>
			<subfield code="b">season of mists /</subfield>
			<subfield code="c">writer : Neil Gaiman ; artists : Kelley Jones...[et al.] ; letterer :
				Todd Klein ; colorists : Steve Oliff, Daniel Vozzo ; covers : Dave McKean ;
				introduction by Harlan Ellison.</subfield>
		</datafield>
		<datafield tag="260" ind1=" " ind2=" ">
			<subfield code="a">London :</subfield>
			<subfield code="b">Titan,</subfield>
			<subfield code="c">1992.</subfield>
		</datafield>
		<datafield tag="300" ind1=" " ind2=" ">
			<subfield code="a">224 s. :</subfield>
			<subfield code="b">ill ;</subfield>
			<subfield code="c">26cm.</subfield>
		</datafield>
		<datafield tag="336" ind1=" " ind2=" ">
			<subfield code="a">still image</subfield>
			<subfield code="b">si</subfield>
			<subfield code="2">rdacontent</subfield>
			<subfield code="0">http://rdaregistry.info/termList/RDAContentType/1014</subfield>
		</datafield>
		<datafield tag="337" ind1=" " ind2=" ">
			<subfield code="a">unmediated</subfield>
			<subfield code="b">umd</subfield>
			<subfield code="2">rdamedia</subfield>
			<subfield code="0">http://rdaregistry.info/termList/RDAMediaType/1007</subfield>
		</datafield>
		<datafield tag="338" ind1=" " ind2=" ">
			<subfield code="a">volume</subfield>
			<subfield code="b">vol</subfield>
			<subfield code="2">rdacarrier</subfield>
			<subfield code="0">http://rdaregistry.info/termList/RDACarrierType/1049</subfield>
		</datafield>
		<datafield tag="655" ind1=" " ind2="0">
			<subfield code="a">Tegneserier</subfield>
		</datafield>
		<datafield tag="655" ind1=" " ind2="0">
			<subfield code="a">Skrekk</subfield>
		</datafield>
		<datafield tag="700" ind1="1" ind2=" ">
			<subfield code="a">Jones, Kalley</subfield>
			<subfield code="1">https://viaf.org/viaf/14908050/</subfield>
			<subfield code="e">Illustratør</subfield>
			<subfield code="4">ill</subfield>

		</datafield>
	</record>