
	<record>
		<leader>00647nrm a22001570 450 </leader>
		<controlfield tag="001">50397181</controlfield>
		<controlfield tag="005">19910828000000.0</controlfield>
		<controlfield tag="008">000000| uik | und d</controlfield>
		<datafield tag="084" ind1=" " ind2=" ">
			<subfield code="a">79.49</subfield>
			<subfield code="2">z</subfield>
		</datafield>
		<datafield tag="100" ind1="1" ind2=" ">
			<subfield code="a">Gygax, Gary</subfield>
			<subfield code="d">1938- </subfield>
			<subfield code="q">(Ernest Gary)</subfield>
			<subfield code="1">http://viaf.org/viaf/15495536</subfield>
			<subfield code="4">aut</subfield>
		</datafield>
		<datafield tag="240" ind1="1" ind2="0">
			<subfield code="a">Dungeons and Dragons</subfield>
			<subfield code="1">http://viaf.org/viaf/300718649</subfield>
		</datafield>
		<datafield tag="245" ind1="1" ind2="0">
			<subfield code="a">Dungeons &amp; dragons :</subfield>
			<subfield code="b">fantasy role-playing game /</subfield>
			<subfield code="c">by Gary Gygax og Dave Arneson ; illustrations by Larry Elmore and
				Jeff Easley.</subfield>
		</datafield>
		<datafield tag="260" ind1=" " ind2=" ">
			<subfield code="a">Cambridge :</subfield>
			<subfield code="b">TSR,</subfield>
			<subfield code="c">1983@UD8.</subfield>
		</datafield>
		<datafield tag="336" ind1=" " ind2=" ">
			<subfield code="a">text</subfield>
			<subfield code="b">txt</subfield>
			<subfield code="2">rdacontent</subfield>
			<subfield code="0">http://rdaregistry.info/termList/RDAContentType/1020</subfield>
		</datafield>
		<datafield tag="337" ind1=" " ind2=" ">
			<subfield code="a">unmediated</subfield>
			<subfield code="b">umd</subfield>
			<subfield code="2">rdamedia</subfield>
			<subfield code="0">http://rdaregistry.info/termList/RDAMediaType/1007</subfield>
		</datafield>
		<datafield tag="338" ind1=" " ind2=" ">
			<subfield code="a">volume</subfield>
			<subfield code="b">vol</subfield>
			<subfield code="2">rdacarrier</subfield>
			<subfield code="0">http://rdaregistry.info/termList/RDACarrierType/1049</subfield>
		</datafield>
		<datafield tag="520" ind1="8" ind2=" ">
			<subfield code="a">Fantasi-rollespil for en eller flere personer. Foregår i en magisk
				verden af l̆dgamle ruiner befolket med drager, varulve og mangfoldige
				uhyrer.</subfield>
		</datafield>
		<datafield tag="655" ind1=" " ind2="0">
			<subfield code="a">Spillhåndbok</subfield>
		</datafield>
		<datafield tag="655" ind1=" " ind2="0">
			<subfield code="a">Fantasy</subfield>
		</datafield>
		<datafield tag="700" ind1="1" ind2=" ">
			<subfield code="a">Arneson, Dave</subfield>
			<subfield code="1">http://viaf.org/viaf/94609578</subfield>
			<subfield code="e">Forfatter</subfield>
			<subfield code="4">aut</subfield>

		</datafield>
		<datafield tag="700" ind1="1" ind2=" ">
			<subfield code="a">Elmore, Larry</subfield>
			<subfield code="1">http://viaf.org/viaf/75412588</subfield>
			<subfield code="e">Illustratør</subfield>
			<subfield code="4">ill</subfield>

		</datafield>
		<datafield tag="700" ind1="1" ind2=" ">
			<subfield code="a">Easley, Jeff</subfield>
			<subfield code="1">http://viaf.org/viaf/60516953</subfield>
			<subfield code="e">Illustratør</subfield>
			<subfield code="4">ill</subfield>

		</datafield>
	</record>