
	<record>
		<leader>00800nam a22002290 450 </leader>
		<controlfield tag="001">10442753</controlfield>
		<controlfield tag="005">20010128224732.0</controlfield>
		<controlfield tag="008">000000s1990 dk 00| u dan d</controlfield>
		<datafield tag="020" ind1=" " ind2=" ">
			<subfield code="a">8798305743</subfield>
		</datafield>
		<datafield tag="041" ind1="1" ind2=" ">
			<subfield code="a">dan</subfield>
			<subfield code="h">eng</subfield>
		</datafield>
		<datafield tag="084" ind1=" " ind2=" ">
			<subfield code="a">79.49</subfield>
			<subfield code="2">z</subfield>
		</datafield>
		<datafield tag="100" ind1="1" ind2=" ">
			<subfield code="a">Gygax, Gary</subfield>
			<subfield code="d">1938- </subfield>
			<subfield code="q">(Ernest Gary)</subfield>
			<subfield code="1">http://viaf.org/viaf/15495536</subfield>
			<subfield code="4">aut</subfield>
		</datafield>
		<datafield tag="240" ind1="1" ind2="0">
			<subfield code="a">Dungeons and Dragons</subfield>
			<subfield code="1">http://viaf.org/viaf/300718649</subfield>
		</datafield>
		<datafield tag="245" ind1="1" ind2="0">
			<subfield code="a">Ekspert regelbog :</subfield>
		</datafield>
		<datafield tag="260" ind1=" " ind2=" ">
			<subfield code="a">Gentofte :</subfield>
			<subfield code="b">Fafner Spil,</subfield>
			<subfield code="c">1990.</subfield>
		</datafield>
		<datafield tag="300" ind1=" " ind2=" ">
			<subfield code="a">64 s. :</subfield>
			<subfield code="b">ill.</subfield>
		</datafield>
		<datafield tag="336" ind1=" " ind2=" ">
			<subfield code="a">text</subfield>
			<subfield code="b">txt</subfield>
			<subfield code="2">rdacontent</subfield>
			<subfield code="0">http://rdaregistry.info/termList/RDAContentType/1020</subfield>
		</datafield>
		<datafield tag="337" ind1=" " ind2=" ">
			<subfield code="a">unmediated</subfield>
			<subfield code="b">umd</subfield>
			<subfield code="2">rdamedia</subfield>
			<subfield code="0">http://rdaregistry.info/termList/RDAMediaType/1007</subfield>
		</datafield>
		<datafield tag="338" ind1=" " ind2=" ">
			<subfield code="a">volume</subfield>
			<subfield code="b">vol</subfield>
			<subfield code="2">rdacarrier</subfield>
			<subfield code="0">http://rdaregistry.info/termList/RDACarrierType/1049</subfield>
		</datafield>
		<datafield tag="440" ind1=" " ind2=" ">
			<subfield code="a">Dungeons &amp; dragons</subfield>
		</datafield>
		<datafield tag="500" ind1=" " ind2=" ">
			<subfield code="a">Oversatt fra amerikansk.</subfield>
		</datafield>
		<datafield tag="655" ind1=" " ind2="0">
			<subfield code="a">Spillhåndbok</subfield>
		</datafield>
		<datafield tag="655" ind1=" " ind2="0">
			<subfield code="a">Fantasy</subfield>
		</datafield>
		<datafield tag="700" ind1="1" ind2=" ">
			<subfield code="a">Arneson, Dave</subfield>
			<subfield code="1">http://viaf.org/viaf/94609578</subfield>
			<subfield code="e">Forfatter</subfield>
			<subfield code="4">aut</subfield>
		</datafield>
	</record>