
	<record>
		<leader>00776cam a22001930 450 </leader>
		<controlfield tag="001">45364194</controlfield>
		<controlfield tag="005">20160123085549.0</controlfield>
		<controlfield tag="008">000000s2012 xxu 00| u eng d</controlfield>
		<datafield tag="084" ind1=" " ind2=" ">
			<subfield code="a">79.49</subfield>
			<subfield code="2">z</subfield>
		</datafield>
		<datafield tag="100" ind1="1" ind2=" ">
			<subfield code="a">Gygax, Gary</subfield>
			<subfield code="d">1938- </subfield>
			<subfield code="q">(Ernest Gary)</subfield>
			<subfield code="1">http://viaf.org/viaf/15495536</subfield>
			<subfield code="4">aut</subfield>
		</datafield>
		<datafield tag="240" ind1="0" ind2="0">
			<subfield code="a">Players Handbook</subfield>
			<subfield code="1">http://viaf.org/viaf/300718649</subfield>
		</datafield>
		<datafield tag="245" ind1="1" ind2="0">
			<subfield code="a">Players handbook :</subfield>
			<subfield code="b">special reference work.</subfield>
		</datafield>
		<datafield tag="250" ind1=" " ind2=" ">
			<subfield code="a">2. utg</subfield>
		</datafield>
		<datafield tag="260" ind1=" " ind2=" ">
			<subfield code="a">Renton, Wash: </subfield>
			<subfield code="b">Wizards of the Coast,</subfield>
			<subfield code="c">2012.</subfield>
		</datafield>
		<datafield tag="300" ind1=" " ind2=" ">
			<subfield code="a">127 s. :</subfield>
			<subfield code="b">ill.</subfield>
		</datafield>
		<datafield tag="336" ind1=" " ind2=" ">
			<subfield code="a">text</subfield>
			<subfield code="b">txt</subfield>
			<subfield code="2">rdacontent</subfield>
			<subfield code="0">http://rdaregistry.info/termList/RDAContentType/1020</subfield>
		</datafield>
		<datafield tag="337" ind1=" " ind2=" ">
			<subfield code="a">unmediated</subfield>
			<subfield code="b">umd</subfield>
			<subfield code="2">rdamedia</subfield>
			<subfield code="0">http://rdaregistry.info/termList/RDAMediaType/1007</subfield>
		</datafield>
		<datafield tag="338" ind1=" " ind2=" ">
			<subfield code="a">volume</subfield>
			<subfield code="b">vol</subfield>
			<subfield code="2">rdacarrier</subfield>
			<subfield code="0">http://rdaregistry.info/termList/RDACarrierType/1049</subfield>
		</datafield>
		<datafield tag="440" ind1=" " ind2=" ">
			<subfield code="a">Advanced dungeons &amp; dragons</subfield>
		</datafield>
		<datafield tag="500" ind1=" " ind2=" ">
			<subfield code="a">På titelsiden: A compiled volume of information for players of
				Advanced dungeons &amp; dragons, including: Character races, classes, and level
				abilities, spell tables and descriptions, equipment costs, weapon data, and
				information on adventuring.</subfield>
		</datafield>
		<datafield tag="520" ind1="8" ind2=" ">
			<subfield code="a">Fantasirollespil.</subfield>
		</datafield>
		<datafield tag="655" ind1=" " ind2="0">
			<subfield code="a">Spillhåndbok</subfield>
		</datafield>
		<datafield tag="655" ind1=" " ind2="0">
			<subfield code="a">Fantasy</subfield>
		</datafield>
	</record>